1CClientBankExchange
ВерсияФормата=1.02
Кодировка=Windows
Отправитель=
Получатель=1с
ДатаСоздания=27.12.2017
ВремяСоздания=16:03:28
ДатаНачала=01.12.2017
ДатаКонца=27.12.2017
РасчСчет=40702810980900015330
СекцияРасчСчет
ДатаНачала=01.12.2017
ДатаКонца=01.12.2017
НачальныйОстаток=2864.81
РасчСчет=40702810980900015330
ВсегоСписано=650
ВсегоПоступило=30880.83
КонечныйОстаток=33095.64
КонецРасчСчет
СекцияРасчСчет
ДатаНачала=02.12.2017
ДатаКонца=02.12.2017
НачальныйОстаток=33095.64
РасчСчет=40702810980900015330
ВсегоСписано=0
ВсегоПоступило=0
КонечныйОстаток=33095.64
КонецРасчСчет
СекцияРасчСчет
ДатаНачала=03.12.2017
ДатаКонца=03.12.2017
НачальныйОстаток=33095.64
РасчСчет=40702810980900015330
ВсегоСписано=0
ВсегоПоступило=0
КонечныйОстаток=33095.64
КонецРасчСчет
СекцияРасчСчет
ДатаНачала=04.12.2017
ДатаКонца=04.12.2017
НачальныйОстаток=33095.64
РасчСчет=40702810980900015330
ВсегоСписано=111508.48
ВсегоПоступило=121707.36
КонечныйОстаток=43294.52
КонецРасчСчет
СекцияРасчСчет
ДатаНачала=05.12.2017
ДатаКонца=05.12.2017
НачальныйОстаток=43294.52
РасчСчет=40702810980900015330
ВсегоСписано=0
ВсегоПоступило=29388.18
КонечныйОстаток=72682.7
КонецРасчСчет
СекцияРасчСчет
ДатаНачала=06.12.2017
ДатаКонца=06.12.2017
НачальныйОстаток=72682.7
РасчСчет=40702810980900015330
ВсегоСписано=60298.65
ВсегоПоступило=32905.2
КонечныйОстаток=45289.25
КонецРасчСчет
СекцияРасчСчет
ДатаНачала=07.12.2017
ДатаКонца=07.12.2017
НачальныйОстаток=45289.25
РасчСчет=40702810980900015330
ВсегоСписано=0
ВсегоПоступило=33446.57
КонечныйОстаток=78735.82
КонецРасчСчет
СекцияРасчСчет
ДатаНачала=08.12.2017
ДатаКонца=08.12.2017
НачальныйОстаток=78735.82
РасчСчет=40702810980900015330
ВсегоСписано=0
ВсегоПоступило=37800.67
КонечныйОстаток=116536.49
КонецРасчСчет
СекцияРасчСчет
ДатаНачала=09.12.2017
ДатаКонца=09.12.2017
НачальныйОстаток=116536.49
РасчСчет=40702810980900015330
ВсегоСписано=0
ВсегоПоступило=0
КонечныйОстаток=116536.49
КонецРасчСчет
СекцияРасчСчет
ДатаНачала=10.12.2017
ДатаКонца=10.12.2017
НачальныйОстаток=116536.49
РасчСчет=40702810980900015330
ВсегоСписано=0
ВсегоПоступило=0
КонечныйОстаток=116536.49
КонецРасчСчет
СекцияРасчСчет
ДатаНачала=11.12.2017
ДатаКонца=11.12.2017
НачальныйОстаток=116536.49
РасчСчет=40702810980900015330
ВсегоСписано=17988.21
ВсегоПоступило=117169.96
КонечныйОстаток=215718.24
КонецРасчСчет
СекцияРасчСчет
ДатаНачала=12.12.2017
ДатаКонца=12.12.2017
НачальныйОстаток=215718.24
РасчСчет=40702810980900015330
ВсегоСписано=214368.26
ВсегоПоступило=31677.22
КонечныйОстаток=33027.2
КонецРасчСчет
СекцияРасчСчет
ДатаНачала=13.12.2017
ДатаКонца=13.12.2017
НачальныйОстаток=33027.2
РасчСчет=40702810980900015330
ВсегоСписано=46414.38
ВсегоПоступило=35148.15
КонечныйОстаток=21760.97
КонецРасчСчет
СекцияРасчСчет
ДатаНачала=14.12.2017
ДатаКонца=14.12.2017
НачальныйОстаток=21760.97
РасчСчет=40702810980900015330
ВсегоСписано=0
ВсегоПоступило=23347.23
КонечныйОстаток=45108.2
КонецРасчСчет
СекцияРасчСчет
ДатаНачала=15.12.2017
ДатаКонца=15.12.2017
НачальныйОстаток=45108.2
РасчСчет=40702810980900015330
ВсегоСписано=83071.58
ВсегоПоступило=38160.72
КонечныйОстаток=197.34
КонецРасчСчет
СекцияРасчСчет
ДатаНачала=16.12.2017
ДатаКонца=16.12.2017
НачальныйОстаток=197.34
РасчСчет=40702810980900015330
ВсегоСписано=0
ВсегоПоступило=0
КонечныйОстаток=197.34
КонецРасчСчет
СекцияРасчСчет
ДатаНачала=17.12.2017
ДатаКонца=17.12.2017
НачальныйОстаток=197.34
РасчСчет=40702810980900015330
ВсегоСписано=0
ВсегоПоступило=0
КонечныйОстаток=197.34
КонецРасчСчет
СекцияРасчСчет
ДатаНачала=18.12.2017
ДатаКонца=18.12.2017
НачальныйОстаток=197.34
РасчСчет=40702810980900015330
ВсегоСписано=99925.44
ВсегоПоступило=126604.58
КонечныйОстаток=26876.48
КонецРасчСчет
СекцияРасчСчет
ДатаНачала=19.12.2017
ДатаКонца=19.12.2017
НачальныйОстаток=26876.48
РасчСчет=40702810980900015330
ВсегоСписано=31861.07
ВсегоПоступило=37951.47
КонечныйОстаток=32966.88
КонецРасчСчет
СекцияРасчСчет
ДатаНачала=20.12.2017
ДатаКонца=20.12.2017
НачальныйОстаток=32966.88
РасчСчет=40702810980900015330
ВсегоСписано=0
ВсегоПоступило=31464.59
КонечныйОстаток=64431.47
КонецРасчСчет
СекцияРасчСчет
ДатаНачала=21.12.2017
ДатаКонца=21.12.2017
НачальныйОстаток=64431.47
РасчСчет=40702810980900015330
ВсегоСписано=77434.15
ВсегоПоступило=35853.11
КонечныйОстаток=22850.43
КонецРасчСчет
СекцияРасчСчет
ДатаНачала=22.12.2017
ДатаКонца=22.12.2017
НачальныйОстаток=22850.43
РасчСчет=40702810980900015330
ВсегоСписано=43095
ВсегоПоступило=34843.98
КонечныйОстаток=14599.41
КонецРасчСчет
СекцияРасчСчет
ДатаНачала=23.12.2017
ДатаКонца=23.12.2017
НачальныйОстаток=14599.41
РасчСчет=40702810980900015330
ВсегоСписано=0
ВсегоПоступило=0
КонечныйОстаток=14599.41
КонецРасчСчет
СекцияРасчСчет
ДатаНачала=24.12.2017
ДатаКонца=24.12.2017
НачальныйОстаток=14599.41
РасчСчет=40702810980900015330
ВсегоСписано=0
ВсегоПоступило=0
КонечныйОстаток=14599.41
КонецРасчСчет
СекцияРасчСчет
ДатаНачала=25.12.2017
ДатаКонца=25.12.2017
НачальныйОстаток=14599.41
РасчСчет=40702810980900015330
ВсегоСписано=0
ВсегоПоступило=118843.6
КонечныйОстаток=133443.01
КонецРасчСчет
СекцияРасчСчет
ДатаНачала=26.12.2017
ДатаКонца=26.12.2017
НачальныйОстаток=133443.01
РасчСчет=40702810980900015330
ВсегоСписано=0
ВсегоПоступило=36327.74
КонечныйОстаток=169770.75
КонецРасчСчет
СекцияРасчСчет
ДатаНачала=27.12.2017
ДатаКонца=27.12.2017
НачальныйОстаток=169770.75
РасчСчет=40702810980900015330
ВсегоСписано=196437.73
ВсегоПоступило=27576.4
КонечныйОстаток=819.42
КонецРасчСчет
СекцияДокумент=Банковский ордер
Номер=21030
Дата=01.12.2017
Сумма=200
ПлательщикСчет=40702810980900015330
ДатаСписано=01.12.2017
Плательщик=ИНН 7720248304 ООО 'ТК Миниторг-2000'
ПлательщикИНН=7720248304
ПлательщикКПП=772601001
ПлательщикРасчСчет=40702810980900015330
ПлательщикБанк1=АО 'КРЕДИТ ЕВРОПА БАНК' г. Москва
ПлательщикБИК=044525767
ПлательщикКорсчет=30101810900000000767
ПолучательСчет=70601810600002710201
Получатель=АО 'КРЕДИТ ЕВРОПА БАНК'
ПолучательИНН=7705148464
ПолучательКПП=775001001
ПолучательРасчСчет=70601810600002710201
ПолучательБанк1=АО 'КРЕДИТ ЕВРОПА БАНК' г. Москва
ПолучательБИК=044525767
ПолучательКорсчет=30101810900000000767
ВидПлатежа=электронно
ВидОплаты=17
Код=
СтатусСоставителя=
ПоказательКБК=
ОКАТО=
ПоказательОснования=
ПоказательПериода=
ПоказательНомера=
ПоказательДаты=
ПоказательТипа=
Очередность=5
НазначениеПлатежа=Комиссия за ведение счета с использованием системы 'Клиент-Банк' / 'Интернет-Банк', 40702810980900015330, c 01.11.2017 по 30.11.2017
КонецДокумента
СекцияДокумент=Банковский ордер
Номер=35566
Дата=01.12.2017
Сумма=450
ПлательщикСчет=40702810980900015330
ДатаСписано=01.12.2017
Плательщик=ИНН 7720248304 ООО 'ТК Миниторг-2000'
ПлательщикИНН=7720248304
ПлательщикКПП=772601001
ПлательщикРасчСчет=40702810980900015330
ПлательщикБанк1=АО 'КРЕДИТ ЕВРОПА БАНК' г. Москва
ПлательщикБИК=044525767
ПлательщикКорсчет=30101810900000000767
ПолучательСчет=70601810400002720226
Получатель=АО 'КРЕДИТ ЕВРОПА БАНК'
ПолучательИНН=7705148464
ПолучательКПП=775001001
ПолучательРасчСчет=70601810400002720226
ПолучательБанк1=АО 'КРЕДИТ ЕВРОПА БАНК' г. Москва
ПолучательБИК=044525767
ПолучательКорсчет=30101810900000000767
ВидПлатежа=электронно
ВидОплаты=17
Код=
СтатусСоставителя=
ПоказательКБК=
ОКАТО=
ПоказательОснования=
ПоказательПериода=
ПоказательНомера=
ПоказательДаты=
ПоказательТипа=
Очередность=5
НазначениеПлатежа=Комиссия За обслуживание сервиса 'Интернет-Банк', 40702810980900015330, c 01.11.2017 по 30.11.2017
КонецДокумента
СекцияДокумент=Платежное поручение
Номер=913
Дата=01.12.2017
Сумма=30880.83
ПлательщикСчет=30232810900000007889
Плательщик=ИНН 7705148464 АО 'КРЕДИТ ЕВРОПА БАНК'                      
ПлательщикИНН=7705148464
ПлательщикКПП=775001001
ПлательщикРасчСчет=30232810900000007889
ПлательщикБанк1=АО 'КРЕДИТ ЕВРОПА БАНК'                      
ПлательщикБИК=044525767
ПлательщикКорсчет=30101810900000000767
ПолучательСчет=40702810980900015330
ДатаПоступило=01.12.2017
Получатель=Общество с ограниченной ответственностью 'Торговая Компания Миниторг-2000'
ПолучательИНН=7720248304
ПолучательКПП=772601001
ПолучательРасчСчет=40702810980900015330
ПолучательБанк1=АО 'КРЕДИТ ЕВРОПА БАНК'                      
ПолучательБИК=044525767
ПолучательКорсчет=30101810900000000767
ВидПлатежа=электронно
ВидОплаты=01
Код=
СтатусСоставителя=
ПоказательКБК=
ОКАТО=
ПоказательОснования=
ПоказательПериода=
ПоказательНомера=
ПоказательДаты=
ПоказательТипа=
Очередность=5
НазначениеПлатежа=Расч. по дог # C05230 MINITORG 2000 1 комиссия 533.17 MAST/SD15787.00,CM268.38,CV0.00,VISA/SD14846.00,CM251.51,CV0.00,MIR/SD781.00,CM13.28,CV0.00
КонецДокумента
СекцияДокумент=Банковский ордер
Номер=20622
Дата=04.12.2017
Сумма=15
ПлательщикСчет=40702810980900015330
ДатаСписано=04.12.2017
Плательщик=ИНН 7720248304 ООО 'ТК Миниторг-2000'
ПлательщикИНН=7720248304
ПлательщикКПП=772601001
ПлательщикРасчСчет=40702810980900015330
ПлательщикБанк1=АО 'КРЕДИТ ЕВРОПА БАНК' г. Москва
ПлательщикБИК=044525767
ПлательщикКорсчет=30101810900000000767
ПолучательСчет=70601810900002740201
Получатель=АО 'КРЕДИТ ЕВРОПА БАНК'
ПолучательИНН=7705148464
ПолучательКПП=775001001
ПолучательРасчСчет=70601810900002740201
ПолучательБанк1=АО 'КРЕДИТ ЕВРОПА БАНК' г. Москва
ПолучательБИК=044525767
ПолучательКорсчет=30101810900000000767
ВидПлатежа=электронно
ВидОплаты=17
Код=
СтатусСоставителя=
ПоказательКБК=
ОКАТО=
ПоказательОснования=
ПоказательПериода=
ПоказательНомера=
ПоказательДаты=
ПоказательТипа=
Очередность=5
НазначениеПлатежа=Комиссия за перевод средств по поручению Клиента на счет, открытый в иной кредитной организации с использованием системы 'Клиент-Банк' / 'Интернет-Банк' 
КонецДокумента
СекцияДокумент=Платежное поручение
Номер=451
Дата=04.12.2017
Сумма=40
ПлательщикСчет=40702810980900015330
ДатаСписано=04.12.2017
Плательщик=ИНН 7720248304 ООО 'ТК Миниторг-2000'
ПлательщикИНН=7720248304
ПлательщикКПП=772601001
ПлательщикРасчСчет=40702810980900015330
ПлательщикБанк1=АО 'КРЕДИТ ЕВРОПА БАНК'
ПлательщикБИК=044525767
ПлательщикКорсчет=30101810900000000767
ПолучательСчет=40101810045250010041
Получатель=УФК по г. Москве (ГУ - Московское региональное отделение ФСС РФ)
ПолучательИНН=7710030933
ПолучательКПП=770701001
ПолучательРасчСчет=40101810045250010041
ПолучательБанк1=ГУ БАНКА РОССИИ ПО ЦФО
ПолучательБИК=044525000
ПолучательКорсчет=
ВидПлатежа=электронно
ВидОплаты=01
Код=
СтатусСоставителя=08
ПоказательКБК=39310202050071000160
ОКАТО=45920000
ПоказательОснования=ТП
ПоказательПериода=МС.11.2017
ПоказательНомера=0
ПоказательДаты=
ПоказательТипа=0
Очередность=5
НазначениеПлатежа=Страховые взносы на обязательное социальное страхование от НС и ПЗ за ноябрь 2017 г. (Рег. № 7717007642). НДС не облагается
КонецДокумента
СекцияДокумент=Платежное поручение
Номер=450
Дата=04.12.2017
Сумма=580
ПлательщикСчет=40702810980900015330
ДатаСписано=04.12.2017
Плательщик=ИНН 7720248304 ООО 'ТК Миниторг-2000'
ПлательщикИНН=7720248304
ПлательщикКПП=772601001
ПлательщикРасчСчет=40702810980900015330
ПлательщикБанк1=АО 'КРЕДИТ ЕВРОПА БАНК'
ПлательщикБИК=044525767
ПлательщикКорсчет=30101810900000000767
ПолучательСчет=40101810045250010041
Получатель=УФК МФ РФ по г.Москве (ИФНС РФ № 26 по г.Москве, лиц.счет № 40100770026)
ПолучательИНН=7726062105
ПолучательКПП=772601001
ПолучательРасчСчет=40101810045250010041
ПолучательБанк1=ГУ БАНКА РОССИИ ПО ЦФО
ПолучательБИК=044525000
ПолучательКорсчет=
ВидПлатежа=электронно
ВидОплаты=01
Код=
СтатусСоставителя=01
ПоказательКБК=18210202090071010160
ОКАТО=45920000
ПоказательОснования=ТП
ПоказательПериода=МС.11.2017
ПоказательНомера=0
ПоказательДаты=
ПоказательТипа=0
Очередность=5
НазначениеПлатежа=Страховые взносы на обязательное социальное страхование на случай временной нетрудоспособности и в связи с материнством за ноябрь 2017 г. НДС не облагается
КонецДокумента
СекцияДокумент=Платежное поручение
Номер=449
Дата=04.12.2017
Сумма=1020
ПлательщикСчет=40702810980900015330
ДатаСписано=04.12.2017
Плательщик=ИНН 7720248304 ООО 'ТК Миниторг-2000'
ПлательщикИНН=7720248304
ПлательщикКПП=772601001
ПлательщикРасчСчет=40702810980900015330
ПлательщикБанк1=АО 'КРЕДИТ ЕВРОПА БАНК'
ПлательщикБИК=044525767
ПлательщикКорсчет=30101810900000000767
ПолучательСчет=40101810045250010041
Получатель=УФК МФ РФ по г.Москве (ИФНС РФ № 26 по г.Москве, лиц.счет № 40100770026)
ПолучательИНН=7726062105
ПолучательКПП=772601001
ПолучательРасчСчет=40101810045250010041
ПолучательБанк1=ГУ БАНКА РОССИИ ПО ЦФО
ПолучательБИК=044525000
ПолучательКорсчет=
ВидПлатежа=электронно
ВидОплаты=01
Код=
СтатусСоставителя=01
ПоказательКБК=18210202101081013160
ОКАТО=45920000
ПоказательОснования=ТП
ПоказательПериода=МС.11.2017
ПоказательНомера=0
ПоказательДаты=
ПоказательТипа=0
Очередность=5
НазначениеПлатежа=Страховые взносы на ОМС работающего населения, зачисляемые в бюджет ФФОМС за ноябрь 2017 г. НДС не облагается
КонецДокумента
СекцияДокумент=Платежное поручение
Номер=447
Дата=04.12.2017
Сумма=2600
ПлательщикСчет=40702810980900015330
ДатаСписано=04.12.2017
Плательщик=ИНН 7720248304 ООО 'ТК Миниторг-2000'
ПлательщикИНН=7720248304
ПлательщикКПП=772601001
ПлательщикРасчСчет=40702810980900015330
ПлательщикБанк1=АО 'КРЕДИТ ЕВРОПА БАНК'
ПлательщикБИК=044525767
ПлательщикКорсчет=30101810900000000767
ПолучательСчет=40101810045250010041
Получатель=УФК МФ РФ по г.Москве (ИФНС РФ № 26 по г.Москве, лиц.счет № 40100770026)
ПолучательИНН=7726062105
ПолучательКПП=772601001
ПолучательРасчСчет=40101810045250010041
ПолучательБанк1=ГУ БАНКА РОССИИ ПО ЦФО
ПолучательБИК=044525000
ПолучательКорсчет=
ВидПлатежа=электронно
ВидОплаты=01
Код=
СтатусСоставителя=02
ПоказательКБК=18210102010011000110
ОКАТО=45920000
ПоказательОснования=ТП
ПоказательПериода=МС.11.2017
ПоказательНомера=0
ПоказательДаты=
ПоказательТипа=0
Очередность=5
НазначениеПлатежа=НДФЛ за ноябрь 2017 г. НДС не облагается
КонецДокумента
СекцияДокумент=Платежное поручение
Номер=448
Дата=04.12.2017
Сумма=4400
ПлательщикСчет=40702810980900015330
ДатаСписано=04.12.2017
Плательщик=ИНН 7720248304 ООО 'ТК Миниторг-2000'
ПлательщикИНН=7720248304
ПлательщикКПП=772601001
ПлательщикРасчСчет=40702810980900015330
ПлательщикБанк1=АО 'КРЕДИТ ЕВРОПА БАНК'
ПлательщикБИК=044525767
ПлательщикКорсчет=30101810900000000767
ПолучательСчет=40101810045250010041
Получатель=УФК МФ РФ по г.Москве (ИФНС РФ № 26 по г.Москве, лиц.счет № 40100770026)
ПолучательИНН=7726062105
ПолучательКПП=772601001
ПолучательРасчСчет=40101810045250010041
ПолучательБанк1=ГУ БАНКА РОССИИ ПО ЦФО
ПолучательБИК=044525000
ПолучательКорсчет=
ВидПлатежа=электронно
ВидОплаты=01
Код=
СтатусСоставителя=01
ПоказательКБК=18210202010061010160
ОКАТО=45920000
ПоказательОснования=ТП
ПоказательПериода=МС.11.2017
ПоказательНомера=0
ПоказательДаты=
ПоказательТипа=0
Очередность=5
НазначениеПлатежа=Страховые взносы на обязательное пенсионное страхование в РФ, зачисляемые в Пенсионный фонд РФ на выплату страховой пенсии за ноябрь 2017 г. НДС не облагается
КонецДокумента
СекцияДокумент=Платежное поручение
Номер=453
Дата=04.12.2017
Сумма=9400
ПлательщикСчет=40702810980900015330
ДатаСписано=04.12.2017
Плательщик=ИНН 7720248304 ООО 'ТК Миниторг-2000'
ПлательщикИНН=7720248304
ПлательщикКПП=772601001
ПлательщикРасчСчет=40702810980900015330
ПлательщикБанк1=АО 'КРЕДИТ ЕВРОПА БАНК'
ПлательщикБИК=044525767
ПлательщикКорсчет=30101810900000000767
ПолучательСчет=40817810771800007018
Получатель=Мамедкеримли Бабек Сакит Оглы
ПолучательИНН=7705148464
ПолучательКПП=
ПолучательРасчСчет=40817810771800007018
ПолучательБанк1=АО 'КРЕДИТ ЕВРОПА БАНК'
ПолучательБИК=044525767
ПолучательКорсчет=30101810900000000767
ВидПлатежа=электронно
ВидОплаты=01
Код=
СтатусСоставителя=
ПоказательКБК=
ОКАТО=
ПоказательОснования=
ПоказательПериода=
ПоказательНомера=
ПоказательДаты=
ПоказательТипа=
Очередность=5
НазначениеПлатежа=Перечисление на карту 5598 1309 3951 2622, ФИО Мамадкеримли Бабек Сакит Оглы, заработная плата за ноябрь 2017 г. НДС не облагается
КонецДокумента
СекцияДокумент=Платежное поручение
Номер=455
Дата=04.12.2017
Сумма=29623.7
ПлательщикСчет=40702810980900015330
ДатаСписано=04.12.2017
Плательщик=ИНН 7720248304 ООО 'ТК Миниторг-2000'
ПлательщикИНН=7720248304
ПлательщикКПП=772601001
ПлательщикРасчСчет=40702810980900015330
ПлательщикБанк1=АО 'КРЕДИТ ЕВРОПА БАНК'
ПлательщикБИК=044525767
ПлательщикКорсчет=30101810900000000767
ПолучательСчет=40702810102200007780
Получатель=ООО 'ЦентрАлко'
ПолучательИНН=9723009121
ПолучательКПП=772345001
ПолучательРасчСчет=40702810102200007780
ПолучательБанк1=АО 'АЛЬФА-БАНК'
ПолучательБИК=044525593
ПолучательКорсчет=30101810200000000593
ВидПлатежа=электронно
ВидОплаты=01
Код=
СтатусСоставителя=
ПоказательКБК=
ОКАТО=
ПоказательОснования=
ПоказательПериода=
ПоказательНомера=
ПоказательДаты=
ПоказательТипа=
Очередность=5
НазначениеПлатежа=Оплата по накладной № 338 от 04.10.2017 г. за товар (алкогольная продукция). В том числе НДС 18.00 % - 4518.87.
КонецДокумента
СекцияДокумент=Платежное поручение
Номер=454
Дата=04.12.2017
Сумма=63829.78
ПлательщикСчет=40702810980900015330
ДатаСписано=04.12.2017
Плательщик=ИНН 7720248304 ООО 'ТК Миниторг-2000'
ПлательщикИНН=7720248304
ПлательщикКПП=772601001
ПлательщикРасчСчет=40702810980900015330
ПлательщикБанк1=АО 'КРЕДИТ ЕВРОПА БАНК'
ПлательщикБИК=044525767
ПлательщикКорсчет=30101810900000000767
ПолучательСчет=40802810071800005783
Получатель=Индивидуальный предприниматель Гаджибабаев Играр Турман оглы
ПолучательИНН=772707099739
ПолучательКПП=
ПолучательРасчСчет=40802810071800005783
ПолучательБанк1=АО 'КРЕДИТ ЕВРОПА БАНК'
ПолучательБИК=044525767
ПолучательКорсчет=30101810900000000767
ВидПлатежа=электронно
ВидОплаты=01
Код=
СтатусСоставителя=
ПоказательКБК=
ОКАТО=
ПоказательОснования=
ПоказательПериода=
ПоказательНомера=
ПоказательДаты=
ПоказательТипа=
Очередность=5
НазначениеПлатежа=Оплата по Договору аренды б/н от 01.01.2012 г. за электроэнергию за ноябрь 2017 г. НДС не облагается
КонецДокумента
СекцияДокумент=Платежное поручение
Номер=1023
Дата=04.12.2017
Сумма=121707.36
ПлательщикСчет=30232810900000007889
Плательщик=ИНН 7705148464 АО 'КРЕДИТ ЕВРОПА БАНК'                      
ПлательщикИНН=7705148464
ПлательщикКПП=775001001
ПлательщикРасчСчет=30232810900000007889
ПлательщикБанк1=АО 'КРЕДИТ ЕВРОПА БАНК'                      
ПлательщикБИК=044525767
ПлательщикКорсчет=30101810900000000767
ПолучательСчет=40702810980900015330
ДатаПоступило=04.12.2017
Получатель=Общество с ограниченной ответственностью 'Торговая Компания Миниторг-2000'
ПолучательИНН=7720248304
ПолучательКПП=772601001
ПолучательРасчСчет=40702810980900015330
ПолучательБанк1=АО 'КРЕДИТ ЕВРОПА БАНК'                      
ПолучательБИК=044525767
ПолучательКорсчет=30101810900000000767
ВидПлатежа=электронно
ВидОплаты=01
Код=
СтатусСоставителя=
ПоказательКБК=
ОКАТО=
ПоказательОснования=
ПоказательПериода=
ПоказательНомера=
ПоказательДаты=
ПоказательТипа=
Очередность=5
НазначениеПлатежа=Расч. по дог # C05230 MINITORG 2000 1 комиссия 2095.71 MAST/SD45542.72,CM773.34,CV0.00,VISA/SD73481.35,CM1241.12,CV0.00,MIR/SD4779.00,CM81.25,CV0.00
КонецДокумента
СекцияДокумент=Платежное поручение
Номер=877
Дата=05.12.2017
Сумма=29388.18
ПлательщикСчет=30232810900000007889
Плательщик=ИНН 7705148464 АО 'КРЕДИТ ЕВРОПА БАНК'                      
ПлательщикИНН=7705148464
ПлательщикКПП=775001001
ПлательщикРасчСчет=30232810900000007889
ПлательщикБанк1=АО 'КРЕДИТ ЕВРОПА БАНК'                      
ПлательщикБИК=044525767
ПлательщикКорсчет=30101810900000000767
ПолучательСчет=40702810980900015330
ДатаПоступило=05.12.2017
Получатель=Общество с ограниченной ответственностью 'Торговая Компания Миниторг-2000'
ПолучательИНН=7720248304
ПолучательКПП=772601001
ПолучательРасчСчет=40702810980900015330
ПолучательБанк1=АО 'КРЕДИТ ЕВРОПА БАНК'                      
ПолучательБИК=044525767
ПолучательКорсчет=30101810900000000767
ВидПлатежа=электронно
ВидОплаты=01
Код=
СтатусСоставителя=
ПоказательКБК=
ОКАТО=
ПоказательОснования=
ПоказательПериода=
ПоказательНомера=
ПоказательДаты=
ПоказательТипа=
Очередность=5
НазначениеПлатежа=Расч. по дог # C05230 MINITORG 2000 1 комиссия 507.52 MAST/SD14309.00,CM242.55,CV0.00,VISA/SD14359.70,CM244.11,CV0.00,MIR/SD1227.00,CM20.86,CV0.00
КонецДокумента
СекцияДокумент=Банковский ордер
Номер=12528
Дата=06.12.2017
Сумма=75
ПлательщикСчет=40702810980900015330
ДатаСписано=06.12.2017
Плательщик=ИНН 7720248304 ООО 'ТК Миниторг-2000'
ПлательщикИНН=7720248304
ПлательщикКПП=772601001
ПлательщикРасчСчет=40702810980900015330
ПлательщикБанк1=АО 'КРЕДИТ ЕВРОПА БАНК' г. Москва
ПлательщикБИК=044525767
ПлательщикКорсчет=30101810900000000767
ПолучательСчет=70601810900002740201
Получатель=АО 'КРЕДИТ ЕВРОПА БАНК'
ПолучательИНН=7705148464
ПолучательКПП=775001001
ПолучательРасчСчет=70601810900002740201
ПолучательБанк1=АО 'КРЕДИТ ЕВРОПА БАНК' г. Москва
ПолучательБИК=044525767
ПолучательКорсчет=30101810900000000767
ВидПлатежа=электронно
ВидОплаты=17
Код=
СтатусСоставителя=
ПоказательКБК=
ОКАТО=
ПоказательОснования=
ПоказательПериода=
ПоказательНомера=
ПоказательДаты=
ПоказательТипа=
Очередность=5
НазначениеПлатежа=Комиссия за перевод средств по поручению Клиента на счет, открытый в иной кредитной организации с использованием системы 'Клиент-Банк' / 'Интернет-Банк' 
КонецДокумента
СекцияДокумент=Платежное поручение
Номер=460
Дата=06.12.2017
Сумма=4024.8
ПлательщикСчет=40702810980900015330
ДатаСписано=06.12.2017
Плательщик=ИНН 7720248304 ООО 'ТК Миниторг-2000'
ПлательщикИНН=7720248304
ПлательщикКПП=772601001
ПлательщикРасчСчет=40702810980900015330
ПлательщикБанк1=АО 'КРЕДИТ ЕВРОПА БАНК'
ПлательщикБИК=044525767
ПлательщикКорсчет=30101810900000000767
ПолучательСчет=40702810600000018938
Получатель=ООО 'ПинтаКлаб'
ПолучательИНН=7751019826
ПолучательКПП=775101001
ПолучательРасчСчет=40702810600000018938
ПолучательБанк1=АО 'РАЙФФАЙЗЕНБАНК'
ПолучательБИК=044525700
ПолучательКорсчет=30101810200000000700
ВидПлатежа=электронно
ВидОплаты=01
Код=
СтатусСоставителя=
ПоказательКБК=
ОКАТО=
ПоказательОснования=
ПоказательПериода=
ПоказательНомера=
ПоказательДаты=
ПоказательТипа=
Очередность=5
НазначениеПлатежа=Оплата по накладной № 1114057 от 15.11.2017 г. за товар (алкогольная продукция). В том числе НДС 18.00 % - 613.95
КонецДокумента
СекцияДокумент=Платежное поручение
Номер=457
Дата=06.12.2017
Сумма=6367.28
ПлательщикСчет=40702810980900015330
ДатаСписано=06.12.2017
Плательщик=ИНН 7720248304 ООО 'ТК Миниторг-2000'
ПлательщикИНН=7720248304
ПлательщикКПП=772601001
ПлательщикРасчСчет=40702810980900015330
ПлательщикБанк1=АО 'КРЕДИТ ЕВРОПА БАНК'
ПлательщикБИК=044525767
ПлательщикКорсчет=30101810900000000767
ПолучательСчет=40702810652000005356
Получатель=ООО 'ЛЕДМ-ЛОГИСТИК'
ПолучательИНН=9729057428
ПолучательКПП=772901001
ПолучательРасчСчет=40702810652000005356
ПолучательБанк1=АКБ 'ФОРА-БАНК' (АО)
ПолучательБИК=044525341
ПолучательКорсчет=30101810300000000341
ВидПлатежа=электронно
ВидОплаты=01
Код=
СтатусСоставителя=
ПоказательКБК=
ОКАТО=
ПоказательОснования=
ПоказательПериода=
ПоказательНомера=
ПоказательДаты=
ПоказательТипа=
Очередность=5
НазначениеПлатежа=Оплата по накладной № 5116 от 14.11.2017 г. за товар (заморозка). В том числе НДС 18.00 % - 971.28
КонецДокумента
СекцияДокумент=Платежное поручение
Номер=459
Дата=06.12.2017
Сумма=9369.7
ПлательщикСчет=40702810980900015330
ДатаСписано=06.12.2017
Плательщик=ИНН 7720248304 ООО 'ТК Миниторг-2000'
ПлательщикИНН=7720248304
ПлательщикКПП=772601001
ПлательщикРасчСчет=40702810980900015330
ПлательщикБанк1=АО 'КРЕДИТ ЕВРОПА БАНК'
ПлательщикБИК=044525767
ПлательщикКорсчет=30101810900000000767
ПолучательСчет=40702810600000018938
Получатель=ООО 'ПинтаКлаб'
ПолучательИНН=7751019826
ПолучательКПП=775101001
ПолучательРасчСчет=40702810600000018938
ПолучательБанк1=АО 'РАЙФФАЙЗЕНБАНК'
ПолучательБИК=044525700
ПолучательКорсчет=30101810200000000700
ВидПлатежа=электронно
ВидОплаты=01
Код=
СтатусСоставителя=
ПоказательКБК=
ОКАТО=
ПоказательОснования=
ПоказательПериода=
ПоказательНомера=
ПоказательДаты=
ПоказательТипа=
Очередность=5
НазначениеПлатежа=Оплата по накладной № 1114058 от 15.11.2017 г. за товар (алкогольная продукция). В том числе НДС 18.00 % - 1429.28.
КонецДокумента
СекцияДокумент=Платежное поручение
Номер=458
Дата=06.12.2017
Сумма=15988.17
ПлательщикСчет=40702810980900015330
ДатаСписано=06.12.2017
Плательщик=ИНН 7720248304 ООО 'ТК Миниторг-2000'
ПлательщикИНН=7720248304
ПлательщикКПП=772601001
ПлательщикРасчСчет=40702810980900015330
ПлательщикБанк1=АО 'КРЕДИТ ЕВРОПА БАНК'
ПлательщикБИК=044525767
ПлательщикКорсчет=30101810900000000767
ПолучательСчет=40702810652000005356
Получатель=ООО 'ЛЕДМ-ЛОГИСТИК'
ПолучательИНН=9729057428
ПолучательКПП=772901001
ПолучательРасчСчет=40702810652000005356
ПолучательБанк1=АКБ 'ФОРА-БАНК' (АО)
ПолучательБИК=044525341
ПолучательКорсчет=30101810300000000341
ВидПлатежа=электронно
ВидОплаты=01
Код=
СтатусСоставителя=
ПоказательКБК=
ОКАТО=
ПоказательОснования=
ПоказательПериода=
ПоказательНомера=
ПоказательДаты=
ПоказательТипа=
Очередность=5
НазначениеПлатежа=Оплата по накладной № 5115 от 14.11.2017 г. за товар (заморозка). В том числе НДС 18.00 % - 2438.87
КонецДокумента
СекцияДокумент=Платежное поручение
Номер=456
Дата=06.12.2017
Сумма=24473.7
ПлательщикСчет=40702810980900015330
ДатаСписано=06.12.2017
Плательщик=ИНН 7720248304 ООО 'ТК Миниторг-2000'
ПлательщикИНН=7720248304
ПлательщикКПП=772601001
ПлательщикРасчСчет=40702810980900015330
ПлательщикБанк1=АО 'КРЕДИТ ЕВРОПА БАНК'
ПлательщикБИК=044525767
ПлательщикКорсчет=30101810900000000767
ПолучательСчет=40702810701200002665
Получатель=ООО ' ТД ' Русский Алкоголь - Москва'
ПолучательИНН=7716679026
ПолучательКПП=771601001
ПолучательРасчСчет=40702810701200002665
ПолучательБанк1=АО 'АЛЬФА-БАНК'
ПолучательБИК=044525593
ПолучательКорсчет=30101810200000000593
ВидПлатежа=электронно
ВидОплаты=01
Код=
СтатусСоставителя=
ПоказательКБК=
ОКАТО=
ПоказательОснования=
ПоказательПериода=
ПоказательНомера=
ПоказательДаты=
ПоказательТипа=
Очередность=5
НазначениеПлатежа=Оплата по накладной № 80452 от 14.11.2017 г. за товар (алкогольная продукция). В том числе НДС 18.00 % - 3733.28.
КонецДокумента
СекцияДокумент=Платежное поручение
Номер=916
Дата=06.12.2017
Сумма=32905.2
ПлательщикСчет=30232810900000007889
Плательщик=ИНН 7705148464 АО 'КРЕДИТ ЕВРОПА БАНК'                      
ПлательщикИНН=7705148464
ПлательщикКПП=775001001
ПлательщикРасчСчет=30232810900000007889
ПлательщикБанк1=АО 'КРЕДИТ ЕВРОПА БАНК'                      
ПлательщикБИК=044525767
ПлательщикКорсчет=30101810900000000767
ПолучательСчет=40702810980900015330
ДатаПоступило=06.12.2017
Получатель=Общество с ограниченной ответственностью 'Торговая Компания Миниторг-2000'
ПолучательИНН=7720248304
ПолучательКПП=772601001
ПолучательРасчСчет=40702810980900015330
ПолучательБанк1=АО 'КРЕДИТ ЕВРОПА БАНК'                      
ПолучательБИК=044525767
ПолучательКорсчет=30101810900000000767
ВидПлатежа=электронно
ВидОплаты=01
Код=
СтатусСоставителя=
ПоказательКБК=
ОКАТО=
ПоказательОснования=
ПоказательПериода=
ПоказательНомера=
ПоказательДаты=
ПоказательТипа=
Очередность=5
НазначениеПлатежа=Расч. по дог # C05230 MINITORG 2000 1 комиссия 567.80 MAST/SD16602.00,CM280.99,CV0.00,VISA/SD16465.00,CM279.91,CV0.00,MIR/SD406.00,CM6.90,CV0.00
КонецДокумента
СекцияДокумент=Платежное поручение
Номер=899
Дата=07.12.2017
Сумма=33446.57
ПлательщикСчет=30232810900000007889
Плательщик=ИНН 7705148464 АО 'КРЕДИТ ЕВРОПА БАНК'                      
ПлательщикИНН=7705148464
ПлательщикКПП=775001001
ПлательщикРасчСчет=30232810900000007889
ПлательщикБанк1=АО 'КРЕДИТ ЕВРОПА БАНК'                      
ПлательщикБИК=044525767
ПлательщикКорсчет=30101810900000000767
ПолучательСчет=40702810980900015330
ДатаПоступило=07.12.2017
Получатель=Общество с ограниченной ответственностью 'Торговая Компания Миниторг-2000'
ПолучательИНН=7720248304
ПолучательКПП=772601001
ПолучательРасчСчет=40702810980900015330
ПолучательБанк1=АО 'КРЕДИТ ЕВРОПА БАНК'                      
ПолучательБИК=044525767
ПолучательКорсчет=30101810900000000767
ВидПлатежа=электронно
ВидОплаты=01
Код=
СтатусСоставителя=
ПоказательКБК=
ОКАТО=
ПоказательОснования=
ПоказательПериода=
ПоказательНомера=
ПоказательДаты=
ПоказательТипа=
Очередность=5
НазначениеПлатежа=Расч. по дог # C05230 MINITORG 2000 1 комиссия 578.43 MAST/SD14236.00,CM242.01,CV0.00,VISA/SD15421.00,CM262.16,CV0.00,MIR/SD4368.00,CM74.26,CV0.00
КонецДокумента
СекцияДокумент=Платежное поручение
Номер=905
Дата=08.12.2017
Сумма=37800.67
ПлательщикСчет=30232810900000007889
Плательщик=ИНН 7705148464 АО 'КРЕДИТ ЕВРОПА БАНК'                      
ПлательщикИНН=7705148464
ПлательщикКПП=775001001
ПлательщикРасчСчет=30232810900000007889
ПлательщикБанк1=АО 'КРЕДИТ ЕВРОПА БАНК'                      
ПлательщикБИК=044525767
ПлательщикКорсчет=30101810900000000767
ПолучательСчет=40702810980900015330
ДатаПоступило=08.12.2017
Получатель=Общество с ограниченной ответственностью 'Торговая Компания Миниторг-2000'
ПолучательИНН=7720248304
ПолучательКПП=772601001
ПолучательРасчСчет=40702810980900015330
ПолучательБанк1=АО 'КРЕДИТ ЕВРОПА БАНК'                      
ПолучательБИК=044525767
ПолучательКорсчет=30101810900000000767
ВидПлатежа=электронно
ВидОплаты=01
Код=
СтатусСоставителя=
ПоказательКБК=
ОКАТО=
ПоказательОснования=
ПоказательПериода=
ПоказательНомера=
ПоказательДаты=
ПоказательТипа=
Очередность=5
НазначениеПлатежа=Расч. по дог # C05230 MINITORG 2000 1 комиссия 653.33 MAST/SD14845.00,CM252.36,CV0.00,VISA/SD22756.00,CM386.47,CV0.00,MIR/SD853.00,CM14.50,CV0.00
КонецДокумента
СекцияДокумент=Банковский ордер
Номер=17327
Дата=11.12.2017
Сумма=30
ПлательщикСчет=40702810980900015330
ДатаСписано=11.12.2017
Плательщик=ИНН 7720248304 ООО 'ТК Миниторг-2000'
ПлательщикИНН=7720248304
ПлательщикКПП=772601001
ПлательщикРасчСчет=40702810980900015330
ПлательщикБанк1=АО 'КРЕДИТ ЕВРОПА БАНК' г. Москва
ПлательщикБИК=044525767
ПлательщикКорсчет=30101810900000000767
ПолучательСчет=70601810900002740201
Получатель=АО 'КРЕДИТ ЕВРОПА БАНК'
ПолучательИНН=7705148464
ПолучательКПП=775001001
ПолучательРасчСчет=70601810900002740201
ПолучательБанк1=АО 'КРЕДИТ ЕВРОПА БАНК' г. Москва
ПолучательБИК=044525767
ПолучательКорсчет=30101810900000000767
ВидПлатежа=электронно
ВидОплаты=17
Код=
СтатусСоставителя=
ПоказательКБК=
ОКАТО=
ПоказательОснования=
ПоказательПериода=
ПоказательНомера=
ПоказательДаты=
ПоказательТипа=
Очередность=5
НазначениеПлатежа=Комиссия за перевод средств по поручению Клиента на счет, открытый в иной кредитной организации с использованием системы 'Клиент-Банк' / 'Интернет-Банк' 
КонецДокумента
СекцияДокумент=Платежное поручение
Номер=462
Дата=11.12.2017
Сумма=3600
ПлательщикСчет=40702810980900015330
ДатаСписано=11.12.2017
Плательщик=ИНН 7720248304 ООО 'ТК Миниторг-2000'
ПлательщикИНН=7720248304
ПлательщикКПП=772601001
ПлательщикРасчСчет=40702810980900015330
ПлательщикБанк1=АО 'КРЕДИТ ЕВРОПА БАНК'
ПлательщикБИК=044525767
ПлательщикКорсчет=30101810900000000767
ПолучательСчет=40702810100000032004
Получатель= ООО'ПРОФИ-М'
ПолучательИНН=5031081432
ПолучательКПП=503101001
ПолучательРасчСчет=40702810100000032004
ПолучательБанк1=ВТБ 24 (ПАО)
ПолучательБИК=044525716
ПолучательКорсчет=30101810100000000716
ВидПлатежа=электронно
ВидОплаты=01
Код=
СтатусСоставителя=
ПоказательКБК=
ОКАТО=
ПоказательОснования=
ПоказательПериода=
ПоказательНомера=
ПоказательДаты=
ПоказательТипа=
Очередность=5
НазначениеПлатежа=Оплата по счету№ 6054 от 01.12.2017 г. за услуги по подтверждению факта закупки. НДС не облагается.
КонецДокумента
СекцияДокумент=Платежное поручение
Номер=461
Дата=10.12.2017
Сумма=14358.21
ПлательщикСчет=40702810980900015330
ДатаСписано=11.12.2017
Плательщик=ИНН 7720248304 ООО 'ТК Миниторг-2000'
ПлательщикИНН=7720248304
ПлательщикКПП=772601001
ПлательщикРасчСчет=40702810980900015330
ПлательщикБанк1=АО 'КРЕДИТ ЕВРОПА БАНК'
ПлательщикБИК=044525767
ПлательщикКорсчет=30101810900000000767
ПолучательСчет=40702810500000183088
Получатель=ПАО 'Мосэнергосбыт'
ПолучательИНН=7736520080
ПолучательКПП=997450001
ПолучательРасчСчет=40702810500000183088
ПолучательБанк1=БАНК ГПБ (АО)
ПолучательБИК=044525823
ПолучательКорсчет=30101810200000000823
ВидПлатежа=электронно
ВидОплаты=01
Код=
СтатусСоставителя=
ПоказательКБК=
ОКАТО=
ПоказательОснования=
ПоказательПериода=
ПоказательНомера=
ПоказательДаты=
ПоказательТипа=
Очередность=5
НазначениеПлатежа=Оплата по Договору № 92405269 от 01.01.2007 г. за электроэнергию. В том числе НДС 18.00 % - 2190.24
КонецДокумента
СекцияДокумент=Платежное поручение
Номер=1023
Дата=11.12.2017
Сумма=117169.96
ПлательщикСчет=30232810900000007889
Плательщик=ИНН 7705148464 АО 'КРЕДИТ ЕВРОПА БАНК'                      
ПлательщикИНН=7705148464
ПлательщикКПП=775001001
ПлательщикРасчСчет=30232810900000007889
ПлательщикБанк1=АО 'КРЕДИТ ЕВРОПА БАНК'                      
ПлательщикБИК=044525767
ПлательщикКорсчет=30101810900000000767
ПолучательСчет=40702810980900015330
ДатаПоступило=11.12.2017
Получатель=Общество с ограниченной ответственностью 'Торговая Компания Миниторг-2000'
ПолучательИНН=7720248304
ПолучательКПП=772601001
ПолучательРасчСчет=40702810980900015330
ПолучательБанк1=АО 'КРЕДИТ ЕВРОПА БАНК'                      
ПолучательБИК=044525767
ПолучательКорсчет=30101810900000000767
ВидПлатежа=электронно
ВидОплаты=01
Код=
СтатусСоставителя=
ПоказательКБК=
ОКАТО=
ПоказательОснования=
ПоказательПериода=
ПоказательНомера=
ПоказательДаты=
ПоказательТипа=
Очередность=5
НазначениеПлатежа=Расч. по дог # C05230 MINITORG 2000 1 комиссия 2026.38 MAST/SD52561.00,CM893.55,CV0.00,VISA/SD62475.34,CM1062.10,CV0.00,MIR/SD4160.00,CM70.73,CV0.00
КонецДокумента
СекцияДокумент=Банковский ордер
Номер=57673
Дата=12.12.2017
Сумма=120
ПлательщикСчет=40702810980900015330
ДатаСписано=12.12.2017
Плательщик=ИНН 7720248304 ООО 'ТК Миниторг-2000'
ПлательщикИНН=7720248304
ПлательщикКПП=772601001
ПлательщикРасчСчет=40702810980900015330
ПлательщикБанк1=АО 'КРЕДИТ ЕВРОПА БАНК' г. Москва
ПлательщикБИК=044525767
ПлательщикКорсчет=30101810900000000767
ПолучательСчет=70601810900002740201
Получатель=АО 'КРЕДИТ ЕВРОПА БАНК'
ПолучательИНН=7705148464
ПолучательКПП=775001001
ПолучательРасчСчет=70601810900002740201
ПолучательБанк1=АО 'КРЕДИТ ЕВРОПА БАНК' г. Москва
ПолучательБИК=044525767
ПолучательКорсчет=30101810900000000767
ВидПлатежа=электронно
ВидОплаты=17
Код=
СтатусСоставителя=
ПоказательКБК=
ОКАТО=
ПоказательОснования=
ПоказательПериода=
ПоказательНомера=
ПоказательДаты=
ПоказательТипа=
Очередность=5
НазначениеПлатежа=Комиссия за перевод средств по поручению Клиента на счет, открытый в иной кредитной организации с использованием системы 'Клиент-Банк' / 'Интернет-Банк' 
КонецДокумента
СекцияДокумент=Платежное поручение
Номер=464
Дата=11.12.2017
Сумма=10342.8
ПлательщикСчет=40702810980900015330
ДатаСписано=12.12.2017
Плательщик=ИНН 7720248304 ООО 'ТК Миниторг-2000'
ПлательщикИНН=7720248304
ПлательщикКПП=772601001
ПлательщикРасчСчет=40702810980900015330
ПлательщикБанк1=АО 'КРЕДИТ ЕВРОПА БАНК'
ПлательщикБИК=044525767
ПлательщикКорсчет=30101810900000000767
ПолучательСчет=40702810200000018330
Получатель=ООО 'Джей Ти Логистик'
ПолучательИНН=5029155302
ПолучательКПП=502901001
ПолучательРасчСчет=40702810200000018330
ПолучательБанк1=ПАО БАНК ЗЕНИТ
ПолучательБИК=044525272
ПолучательКорсчет=30101810000000000272
ВидПлатежа=электронно
ВидОплаты=01
Код=
СтатусСоставителя=
ПоказательКБК=
ОКАТО=
ПоказательОснования=
ПоказательПериода=
ПоказательНомера=
ПоказательДаты=
ПоказательТипа=
Очередность=5
НазначениеПлатежа=Оплата по накладной № 179805 от 02.11.2017 г. за товар (алкогольная продукция). В том числе НДС 18.00 % - 1577.72
КонецДокумента
СекцияДокумент=Платежное поручение
Номер=470
Дата=11.12.2017
Сумма=12159.25
ПлательщикСчет=40702810980900015330
ДатаСписано=12.12.2017
Плательщик=ИНН 7720248304 ООО 'ТК Миниторг-2000'
ПлательщикИНН=7720248304
ПлательщикКПП=772601001
ПлательщикРасчСчет=40702810980900015330
ПлательщикБанк1=АО 'КРЕДИТ ЕВРОПА БАНК'
ПлательщикБИК=044525767
ПлательщикКорсчет=30101810900000000767
ПолучательСчет=40702810702200000909
Получатель=ООО 'Торговый дом 'Мегаполис'
ПолучательИНН=7718502458
ПолучательКПП=772301001
ПолучательРасчСчет=40702810702200000909
ПолучательБанк1=АО 'АЛЬФА-БАНК'
ПолучательБИК=044525593
ПолучательКорсчет=30101810200000000593
ВидПлатежа=электронно
ВидОплаты=01
Код=
СтатусСоставителя=
ПоказательКБК=
ОКАТО=
ПоказательОснования=
ПоказательПериода=
ПоказательНомера=
ПоказательДаты=
ПоказательТипа=
Очередность=5
НазначениеПлатежа=Оплата по накладной № 70295 от 01.11.2017 г. за товар (алкогольная продукция). В том числе НДС 18.00 % - 1854.80
КонецДокумента
СекцияДокумент=Платежное поручение
Номер=469
Дата=11.12.2017
Сумма=21360
ПлательщикСчет=40702810980900015330
ДатаСписано=12.12.2017
Плательщик=ИНН 7720248304 ООО 'ТК Миниторг-2000'
ПлательщикИНН=7720248304
ПлательщикКПП=772601001
ПлательщикРасчСчет=40702810980900015330
ПлательщикБанк1=АО 'КРЕДИТ ЕВРОПА БАНК'
ПлательщикБИК=044525767
ПлательщикКорсчет=30101810900000000767
ПолучательСчет=40702810933000003567
Получатель=ООО 'ГК Кристалл-Лефортово'
ПолучательИНН=5003089091
ПолучательКПП=500301001
ПолучательРасчСчет=40702810933000003567
ПолучательБанк1=КУРСКОЕ ОТДЕЛЕНИЕ N8596 ПАО СБЕРБАНК
ПолучательБИК=043807606
ПолучательКорсчет=30101810300000000606
ВидПлатежа=электронно
ВидОплаты=01
Код=
СтатусСоставителя=
ПоказательКБК=
ОКАТО=
ПоказательОснования=
ПоказательПериода=
ПоказательНомера=
ПоказательДаты=
ПоказательТипа=
Очередность=5
НазначениеПлатежа=Оплата по накладной № 43 от 31.10.2017 г. за товар (алкогольная продукция). В том числе НДС 18.00 % - 3258.31.
КонецДокумента
СекцияДокумент=Платежное поручение
Номер=465
Дата=11.12.2017
Сумма=22670
ПлательщикСчет=40702810980900015330
ДатаСписано=12.12.2017
Плательщик=ИНН 7720248304 ООО 'ТК Миниторг-2000'
ПлательщикИНН=7720248304
ПлательщикКПП=772601001
ПлательщикРасчСчет=40702810980900015330
ПлательщикБанк1=АО 'КРЕДИТ ЕВРОПА БАНК'
ПлательщикБИК=044525767
ПлательщикКорсчет=30101810900000000767
ПолучательСчет=40702810200000018330
Получатель=ООО 'Джей Ти Логистик'
ПолучательИНН=5029155302
ПолучательКПП=502901001
ПолучательРасчСчет=40702810200000018330
ПолучательБанк1=ПАО БАНК ЗЕНИТ
ПолучательБИК=044525272
ПолучательКорсчет=30101810000000000272
ВидПлатежа=электронно
ВидОплаты=01
Код=
СтатусСоставителя=
ПоказательКБК=
ОКАТО=
ПоказательОснования=
ПоказательПериода=
ПоказательНомера=
ПоказательДаты=
ПоказательТипа=
Очередность=5
НазначениеПлатежа=Оплата по накладной № 180537 от 04.11.2017 г. за товар (алкогольная продукция). В том числе НДС 18.00 % - 3458.14
КонецДокумента
СекцияДокумент=Платежное поручение
Номер=463
Дата=11.12.2017
Сумма=25412
ПлательщикСчет=40702810980900015330
ДатаСписано=12.12.2017
Плательщик=ИНН 7720248304 ООО 'ТК Миниторг-2000'
ПлательщикИНН=7720248304
ПлательщикКПП=772601001
ПлательщикРасчСчет=40702810980900015330
ПлательщикБанк1=АО 'КРЕДИТ ЕВРОПА БАНК'
ПлательщикБИК=044525767
ПлательщикКорсчет=30101810900000000767
ПолучательСчет=40702810200000018330
Получатель=ООО 'Джей Ти Логистик'
ПолучательИНН=5029155302
ПолучательКПП=502901001
ПолучательРасчСчет=40702810200000018330
ПолучательБанк1=ПАО БАНК ЗЕНИТ
ПолучательБИК=044525272
ПолучательКорсчет=30101810000000000272
ВидПлатежа=электронно
ВидОплаты=01
Код=
СтатусСоставителя=
ПоказательКБК=
ОКАТО=
ПоказательОснования=
ПоказательПериода=
ПоказательНомера=
ПоказательДаты=
ПоказательТипа=
Очередность=5
НазначениеПлатежа=Оплата по накладной № 177479 от 25.10.2017 г. за товар (алкогольная продукция). В том числе НДС 18.00 % - 3876.41
КонецДокумента
СекцияДокумент=Платежное поручение
Номер=468
Дата=11.12.2017
Сумма=40000
ПлательщикСчет=40702810980900015330
ДатаСписано=12.12.2017
Плательщик=ИНН 7720248304 ООО 'ТК Миниторг-2000'
ПлательщикИНН=7720248304
ПлательщикКПП=772601001
ПлательщикРасчСчет=40702810980900015330
ПлательщикБанк1=АО 'КРЕДИТ ЕВРОПА БАНК'
ПлательщикБИК=044525767
ПлательщикКорсчет=30101810900000000767
ПолучательСчет=40702810001700002561
Получатель=ООО 'Бест М'
ПолучательИНН=7714918180
ПолучательКПП=772001001
ПолучательРасчСчет=40702810001700002561
ПолучательБанк1=ПАО БАНК 'ФК ОТКРЫТИЕ'
ПолучательБИК=044525985
ПолучательКорсчет=30101810300000000985
ВидПлатежа=электронно
ВидОплаты=01
Код=
СтатусСоставителя=
ПоказательКБК=
ОКАТО=
ПоказательОснования=
ПоказательПериода=
ПоказательНомера=
ПоказательДаты=
ПоказательТипа=
Очередность=5
НазначениеПлатежа=Оплата по накладной № 41984 от 27.10.2017 г. за товар(алкогольная продукция). В том числе НДС 18.00 % - 6101.69
КонецДокумента
СекцияДокумент=Платежное поручение
Номер=471
Дата=11.12.2017
Сумма=40000
ПлательщикСчет=40702810980900015330
ДатаСписано=12.12.2017
Плательщик=ИНН 7720248304 ООО 'ТК Миниторг-2000'
ПлательщикИНН=7720248304
ПлательщикКПП=772601001
ПлательщикРасчСчет=40702810980900015330
ПлательщикБанк1=АО 'КРЕДИТ ЕВРОПА БАНК'
ПлательщикБИК=044525767
ПлательщикКорсчет=30101810900000000767
ПолучательСчет=40702810700001403824
Получатель=АО 'ТК 'МЕГАПОЛИС'
ПолучательИНН=5003052454
ПолучательКПП=997350001
ПолучательРасчСчет=40702810700001403824
ПолучательБанк1=АО 'РАЙФФАЙЗЕНБАНК'
ПолучательБИК=044525700
ПолучательКорсчет=30101810200000000700
ВидПлатежа=электронно
ВидОплаты=01
Код=
СтатусСоставителя=
ПоказательКБК=
ОКАТО=
ПоказательОснования=
ПоказательПериода=
ПоказательНомера=
ПоказательДаты=
ПоказательТипа=
Очередность=5
НазначениеПлатежа=Оплата по договору № 7770 от 22.09.2016 г. за товар (табачные изделия). В том числе НДС 18.00 % - 6101.69
КонецДокумента
СекцияДокумент=Платежное поручение
Номер=466
Дата=11.12.2017
Сумма=42304.21
ПлательщикСчет=40702810980900015330
ДатаСписано=12.12.2017
Плательщик=ИНН 7720248304 ООО 'ТК Миниторг-2000'
ПлательщикИНН=7720248304
ПлательщикКПП=772601001
ПлательщикРасчСчет=40702810980900015330
ПлательщикБанк1=АО 'КРЕДИТ ЕВРОПА БАНК'
ПлательщикБИК=044525767
ПлательщикКорсчет=30101810900000000767
ПолучательСчет=40702810100000260054
Получатель=ООО 'ТК Директива'
ПолучательИНН=7717154889
ПолучательКПП=772201001
ПолучательРасчСчет=40702810100000260054
ПолучательБанк1=ВТБ 24 (ПАО)
ПолучательБИК=044525716
ПолучательКорсчет=30101810100000000716
ВидПлатежа=электронно
ВидОплаты=01
Код=
СтатусСоставителя=
ПоказательКБК=
ОКАТО=
ПоказательОснования=
ПоказательПериода=
ПоказательНомера=
ПоказательДаты=
ПоказательТипа=
Очередность=5
НазначениеПлатежа=Оплата по накладной № 64154 от 26.10.2017 г. за товар (алкогольная продукция). В том числе НДС 18.00 % - 6453.18
КонецДокумента
СекцияДокумент=Платежное поручение
Номер=932
Дата=12.12.2017
Сумма=31677.22
ПлательщикСчет=30232810900000007889
Плательщик=ИНН 7705148464 АО 'КРЕДИТ ЕВРОПА БАНК'                      
ПлательщикИНН=7705148464
ПлательщикКПП=775001001
ПлательщикРасчСчет=30232810900000007889
ПлательщикБанк1=АО 'КРЕДИТ ЕВРОПА БАНК'                      
ПлательщикБИК=044525767
ПлательщикКорсчет=30101810900000000767
ПолучательСчет=40702810980900015330
ДатаПоступило=12.12.2017
Получатель=Общество с ограниченной ответственностью 'Торговая Компания Миниторг-2000'
ПолучательИНН=7720248304
ПолучательКПП=772601001
ПолучательРасчСчет=40702810980900015330
ПолучательБанк1=АО 'КРЕДИТ ЕВРОПА БАНК'                      
ПолучательБИК=044525767
ПолучательКорсчет=30101810900000000767
ВидПлатежа=электронно
ВидОплаты=01
Код=
СтатусСоставителя=
ПоказательКБК=
ОКАТО=
ПоказательОснования=
ПоказательПериода=
ПоказательНомера=
ПоказательДаты=
ПоказательТипа=
Очередность=5
НазначениеПлатежа=Расч. по дог # C05230 MINITORG 2000 1 комиссия 547.83 MAST/SD16502.05,CM280.53,CV0.00,VISA/SD15471.00,CM263.01,CV0.00,MIR/SD252.00,CM4.29,CV0.00
КонецДокумента
СекцияДокумент=Банковский ордер
Номер=21114
Дата=13.12.2017
Сумма=60
ПлательщикСчет=40702810980900015330
ДатаСписано=13.12.2017
Плательщик=ИНН 7720248304 ООО 'ТК Миниторг-2000'
ПлательщикИНН=7720248304
ПлательщикКПП=772601001
ПлательщикРасчСчет=40702810980900015330
ПлательщикБанк1=АО 'КРЕДИТ ЕВРОПА БАНК' г. Москва
ПлательщикБИК=044525767
ПлательщикКорсчет=30101810900000000767
ПолучательСчет=70601810900002740201
Получатель=АО 'КРЕДИТ ЕВРОПА БАНК'
ПолучательИНН=7705148464
ПолучательКПП=775001001
ПолучательРасчСчет=70601810900002740201
ПолучательБанк1=АО 'КРЕДИТ ЕВРОПА БАНК' г. Москва
ПолучательБИК=044525767
ПолучательКорсчет=30101810900000000767
ВидПлатежа=электронно
ВидОплаты=17
Код=
СтатусСоставителя=
ПоказательКБК=
ОКАТО=
ПоказательОснования=
ПоказательПериода=
ПоказательНомера=
ПоказательДаты=
ПоказательТипа=
Очередность=5
НазначениеПлатежа=Комиссия за перевод средств по поручению Клиента на счет, открытый в иной кредитной организации с использованием системы 'Клиент-Банк' / 'Интернет-Банк' 
КонецДокумента
СекцияДокумент=Платежное поручение
Номер=473
Дата=13.12.2017
Сумма=2820.28
ПлательщикСчет=40702810980900015330
ДатаСписано=13.12.2017
Плательщик=ИНН 7720248304 ООО 'ТК Миниторг-2000'
ПлательщикИНН=7720248304
ПлательщикКПП=772601001
ПлательщикРасчСчет=40702810980900015330
ПлательщикБанк1=АО 'КРЕДИТ ЕВРОПА БАНК'
ПлательщикБИК=044525767
ПлательщикКорсчет=30101810900000000767
ПолучательСчет=40702810600000123950
Получатель=ООО 'Лидер-Москва'
ПолучательИНН=7721250994
ПолучательКПП=772101001
ПолучательРасчСчет=40702810600000123950
ПолучательБанк1=ВТБ 24 (ПАО)
ПолучательБИК=044525716
ПолучательКорсчет=30101810100000000716
ВидПлатежа=электронно
ВидОплаты=01
Код=
СтатусСоставителя=
ПоказательКБК=
ОКАТО=
ПоказательОснования=
ПоказательПериода=
ПоказательНомера=
ПоказательДаты=
ПоказательТипа=
Очередность=5
НазначениеПлатежа=Оплата по накладной № 140 от 16.11.2017 г. за товар (молочные продукты). В том числе НДС 18.00 % - 430.21
КонецДокумента
СекцияДокумент=Платежное поручение
Номер=474
Дата=13.12.2017
Сумма=4129.43
ПлательщикСчет=40702810980900015330
ДатаСписано=13.12.2017
Плательщик=ИНН 7720248304 ООО 'ТК Миниторг-2000'
ПлательщикИНН=7720248304
ПлательщикКПП=772601001
ПлательщикРасчСчет=40702810980900015330
ПлательщикБанк1=АО 'КРЕДИТ ЕВРОПА БАНК'
ПлательщикБИК=044525767
ПлательщикКорсчет=30101810900000000767
ПолучательСчет=40702810600000123950
Получатель=ООО 'Лидер-Москва'
ПолучательИНН=7721250994
ПолучательКПП=772101001
ПолучательРасчСчет=40702810600000123950
ПолучательБанк1=ВТБ 24 (ПАО)
ПолучательБИК=044525716
ПолучательКорсчет=30101810100000000716
ВидПлатежа=электронно
ВидОплаты=01
Код=
СтатусСоставителя=
ПоказательКБК=
ОКАТО=
ПоказательОснования=
ПоказательПериода=
ПоказательНомера=
ПоказательДаты=
ПоказательТипа=
Очередность=5
НазначениеПлатежа=Оплата по накладной № 15416 от 25.11.2017 г. за товар (молочные продукты). В том числе НДС 18.00 % - 629.91
КонецДокумента
СекцияДокумент=Платежное поручение
Номер=475
Дата=13.12.2017
Сумма=7558.6
ПлательщикСчет=40702810980900015330
ДатаСписано=13.12.2017
Плательщик=ИНН 7720248304 ООО 'ТК Миниторг-2000'
ПлательщикИНН=7720248304
ПлательщикКПП=772601001
ПлательщикРасчСчет=40702810980900015330
ПлательщикБанк1=АО 'КРЕДИТ ЕВРОПА БАНК'
ПлательщикБИК=044525767
ПлательщикКорсчет=30101810900000000767
ПолучательСчет=40702810600000123950
Получатель=ООО 'Лидер-Москва'
ПолучательИНН=7721250994
ПолучательКПП=772101001
ПолучательРасчСчет=40702810600000123950
ПолучательБанк1=ВТБ 24 (ПАО)
ПолучательБИК=044525716
ПолучательКорсчет=30101810100000000716
ВидПлатежа=электронно
ВидОплаты=01
Код=
СтатусСоставителя=
ПоказательКБК=
ОКАТО=
ПоказательОснования=
ПоказательПериода=
ПоказательНомера=
ПоказательДаты=
ПоказательТипа=
Очередность=5
НазначениеПлатежа=Оплата по накладной № 171201 от 01.12.2017 г. за товар (молочные продукты). В том числе НДС 18.00 % - 1153.01
КонецДокумента
СекцияДокумент=Платежное поручение
Номер=472
Дата=13.12.2017
Сумма=31846.07
ПлательщикСчет=40702810980900015330
ДатаСписано=13.12.2017
Плательщик=ИНН 7720248304 ООО 'ТК Миниторг-2000'
ПлательщикИНН=7720248304
ПлательщикКПП=772601001
ПлательщикРасчСчет=40702810980900015330
ПлательщикБанк1=АО 'КРЕДИТ ЕВРОПА БАНК'
ПлательщикБИК=044525767
ПлательщикКорсчет=30101810900000000767
ПолучательСчет=40702810338000079674
Получатель=ООО 'ВОСТОК'
ПолучательИНН=7725269499
ПолучательКПП=772501001
ПолучательРасчСчет=40702810338000079674
ПолучательБанк1=ПАО СБЕРБАНК
ПолучательБИК=044525225
ПолучательКорсчет=30101810400000000225
ВидПлатежа=электронно
ВидОплаты=01
Код=
СтатусСоставителя=
ПоказательКБК=
ОКАТО=
ПоказательОснования=
ПоказательПериода=
ПоказательНомера=
ПоказательДаты=
ПоказательТипа=
Очередность=5
НазначениеПлатежа=Оплата по накладной № 27341 от 17.10.2017 г. за товар(чай,кофе). В том числе НДС 18.00 % - 4857.88
КонецДокумента
СекцияДокумент=Платежное поручение
Номер=917
Дата=13.12.2017
Сумма=35148.15
ПлательщикСчет=30232810900000007889
Плательщик=ИНН 7705148464 АО 'КРЕДИТ ЕВРОПА БАНК'                      
ПлательщикИНН=7705148464
ПлательщикКПП=775001001
ПлательщикРасчСчет=30232810900000007889
ПлательщикБанк1=АО 'КРЕДИТ ЕВРОПА БАНК'                      
ПлательщикБИК=044525767
ПлательщикКорсчет=30101810900000000767
ПолучательСчет=40702810980900015330
ДатаПоступило=13.12.2017
Получатель=Общество с ограниченной ответственностью 'Торговая Компания Миниторг-2000'
ПолучательИНН=7720248304
ПолучательКПП=772601001
ПолучательРасчСчет=40702810980900015330
ПолучательБанк1=АО 'КРЕДИТ ЕВРОПА БАНК'                      
ПолучательБИК=044525767
ПолучательКорсчет=30101810900000000767
ВидПлатежа=электронно
ВидОплаты=01
Код=
СтатусСоставителя=
ПоказательКБК=
ОКАТО=
ПоказательОснования=
ПоказательПериода=
ПоказательНомера=
ПоказательДаты=
ПоказательТипа=
Очередность=5
НазначениеПлатежа=Расч. по дог # C05230 MINITORG 2000 1 комиссия 607.85 MAST/SD17104.00,CM290.77,CV0.00,VISA/SD18243.00,CM310.13,CV0.00,MIR/SD409.00,CM6.95,CV0.00
КонецДокумента
СекцияДокумент=Платежное поручение
Номер=921
Дата=14.12.2017
Сумма=23347.23
ПлательщикСчет=30232810900000007889
Плательщик=ИНН 7705148464 АО 'КРЕДИТ ЕВРОПА БАНК'                      
ПлательщикИНН=7705148464
ПлательщикКПП=775001001
ПлательщикРасчСчет=30232810900000007889
ПлательщикБанк1=АО 'КРЕДИТ ЕВРОПА БАНК'                      
ПлательщикБИК=044525767
ПлательщикКорсчет=30101810900000000767
ПолучательСчет=40702810980900015330
ДатаПоступило=14.12.2017
Получатель=Общество с ограниченной ответственностью 'Торговая Компания Миниторг-2000'
ПолучательИНН=7720248304
ПолучательКПП=772601001
ПолучательРасчСчет=40702810980900015330
ПолучательБанк1=АО 'КРЕДИТ ЕВРОПА БАНК'                      
ПолучательБИК=044525767
ПолучательКорсчет=30101810900000000767
ВидПлатежа=электронно
ВидОплаты=01
Код=
СтатусСоставителя=
ПоказательКБК=
ОКАТО=
ПоказательОснования=
ПоказательПериода=
ПоказательНомера=
ПоказательДаты=
ПоказательТипа=
Очередность=5
НазначениеПлатежа=Расч. по дог # C05230 MINITORG 2000 1 комиссия 403.77 MAST/SD9607.00,CM163.32,CV0.00,VISA/SD13199.00,CM224.38,CV0.00,MIR/SD945.00,CM16.07,CV0.00
КонецДокумента
СекцияДокумент=Банковский ордер
Номер=98101
Дата=15.12.2017
Сумма=75
ПлательщикСчет=40702810980900015330
ДатаСписано=15.12.2017
Плательщик=ИНН 7720248304 ООО 'ТК Миниторг-2000'
ПлательщикИНН=7720248304
ПлательщикКПП=772601001
ПлательщикРасчСчет=40702810980900015330
ПлательщикБанк1=АО 'КРЕДИТ ЕВРОПА БАНК' г. Москва
ПлательщикБИК=044525767
ПлательщикКорсчет=30101810900000000767
ПолучательСчет=70601810900002740201
Получатель=АО 'КРЕДИТ ЕВРОПА БАНК'
ПолучательИНН=7705148464
ПолучательКПП=775001001
ПолучательРасчСчет=70601810900002740201
ПолучательБанк1=АО 'КРЕДИТ ЕВРОПА БАНК' г. Москва
ПолучательБИК=044525767
ПолучательКорсчет=30101810900000000767
ВидПлатежа=электронно
ВидОплаты=17
Код=
СтатусСоставителя=
ПоказательКБК=
ОКАТО=
ПоказательОснования=
ПоказательПериода=
ПоказательНомера=
ПоказательДаты=
ПоказательТипа=
Очередность=5
НазначениеПлатежа=Комиссия за перевод средств по поручению Клиента на счет, открытый в иной кредитной организации с использованием системы 'Клиент-Банк' / 'Интернет-Банк' 
КонецДокумента
СекцияДокумент=Платежное поручение
Номер=478
Дата=13.12.2017
Сумма=3472.56
ПлательщикСчет=40702810980900015330
ДатаСписано=15.12.2017
Плательщик=ИНН 7720248304 ООО 'ТК Миниторг-2000'
ПлательщикИНН=7720248304
ПлательщикКПП=772601001
ПлательщикРасчСчет=40702810980900015330
ПлательщикБанк1=АО 'КРЕДИТ ЕВРОПА БАНК'
ПлательщикБИК=044525767
ПлательщикКорсчет=30101810900000000767
ПолучательСчет=40702810242020002351
Получатель=ООО 'Сладкая жизнь плюс'
ПолучательИНН=5258054000
ПолучательКПП=525350001
ПолучательРасчСчет=40702810242020002351
ПолучательБанк1=ВОЛГО-ВЯТСКИЙ БАНК ПАО СБЕРБАНК
ПолучательБИК=042202603
ПолучательКорсчет=30101810900000000603
ВидПлатежа=электронно
ВидОплаты=01
Код=
СтатусСоставителя=
ПоказательКБК=
ОКАТО=
ПоказательОснования=
ПоказательПериода=
ПоказательНомера=
ПоказательДаты=
ПоказательТипа=
Очередность=5
НазначениеПлатежа=Оплата по накладной № 247921 от 04.11.2017 г. за товар (продукты питания). В том числе НДС 18.00 % - 529.71
КонецДокумента
СекцияДокумент=Платежное поручение
Номер=479
Дата=13.12.2017
Сумма=4400.37
ПлательщикСчет=40702810980900015330
ДатаСписано=15.12.2017
Плательщик=ИНН 7720248304 ООО 'ТК Миниторг-2000'
ПлательщикИНН=7720248304
ПлательщикКПП=772601001
ПлательщикРасчСчет=40702810980900015330
ПлательщикБанк1=АО 'КРЕДИТ ЕВРОПА БАНК'
ПлательщикБИК=044525767
ПлательщикКорсчет=30101810900000000767
ПолучательСчет=40702810242020002351
Получатель=ООО 'Сладкая жизнь плюс'
ПолучательИНН=5258054000
ПолучательКПП=525350001
ПолучательРасчСчет=40702810242020002351
ПолучательБанк1=ВОЛГО-ВЯТСКИЙ БАНК ПАО СБЕРБАНК
ПолучательБИК=042202603
ПолучательКорсчет=30101810900000000603
ВидПлатежа=электронно
ВидОплаты=01
Код=
СтатусСоставителя=
ПоказательКБК=
ОКАТО=
ПоказательОснования=
ПоказательПериода=
ПоказательНомера=
ПоказательДаты=
ПоказательТипа=
Очередность=5
НазначениеПлатежа=Оплата по накладной № 254249 от 13.11.2017 г. за товар (продукты питания). В том числе НДС 18.00 % - 671.24
КонецДокумента
СекцияДокумент=Платежное поручение
Номер=476
Дата=13.12.2017
Сумма=7062.3
ПлательщикСчет=40702810980900015330
ДатаСписано=15.12.2017
Плательщик=ИНН 7720248304 ООО 'ТК Миниторг-2000'
ПлательщикИНН=7720248304
ПлательщикКПП=772601001
ПлательщикРасчСчет=40702810980900015330
ПлательщикБанк1=АО 'КРЕДИТ ЕВРОПА БАНК'
ПлательщикБИК=044525767
ПлательщикКорсчет=30101810900000000767
ПолучательСчет=40702810242020002351
Получатель=ООО 'Сладкая жизнь плюс'
ПолучательИНН=5258054000
ПолучательКПП=525350001
ПолучательРасчСчет=40702810242020002351
ПолучательБанк1=ВОЛГО-ВЯТСКИЙ БАНК ПАО СБЕРБАНК
ПолучательБИК=042202603
ПолучательКорсчет=30101810900000000603
ВидПлатежа=электронно
ВидОплаты=01
Код=
СтатусСоставителя=
ПоказательКБК=
ОКАТО=
ПоказательОснования=
ПоказательПериода=
ПоказательНомера=
ПоказательДаты=
ПоказательТипа=
Очередность=5
НазначениеПлатежа=Оплата по накладной № 212094,223060 от 25.09.2017 г. и 07.10.2017 г. за товар (продукты питания). В том числе НДС 18.00 % - 1077.30.
КонецДокумента
СекцияДокумент=Платежное поручение
Номер=477
Дата=13.12.2017
Сумма=8061.35
ПлательщикСчет=40702810980900015330
ДатаСписано=15.12.2017
Плательщик=ИНН 7720248304 ООО 'ТК Миниторг-2000'
ПлательщикИНН=7720248304
ПлательщикКПП=772601001
ПлательщикРасчСчет=40702810980900015330
ПлательщикБанк1=АО 'КРЕДИТ ЕВРОПА БАНК'
ПлательщикБИК=044525767
ПлательщикКорсчет=30101810900000000767
ПолучательСчет=40702810242020002351
Получатель=ООО 'Сладкая жизнь плюс'
ПолучательИНН=5258054000
ПолучательКПП=525350001
ПолучательРасчСчет=40702810242020002351
ПолучательБанк1=ВОЛГО-ВЯТСКИЙ БАНК ПАО СБЕРБАНК
ПолучательБИК=042202603
ПолучательКорсчет=30101810900000000603
ВидПлатежа=электронно
ВидОплаты=01
Код=
СтатусСоставителя=
ПоказательКБК=
ОКАТО=
ПоказательОснования=
ПоказательПериода=
ПоказательНомера=
ПоказательДаты=
ПоказательТипа=
Очередность=5
НазначениеПлатежа=Оплата по накладной № 235972 от 21.10.2017 г. за товар (продукты питания). В том числе НДС 18.00 % - 1229,70
КонецДокумента
СекцияДокумент=Платежное поручение
Номер=480
Дата=15.12.2017
Сумма=60000
ПлательщикСчет=40702810980900015330
ДатаСписано=15.12.2017
Плательщик=ИНН 7720248304 ООО 'ТК Миниторг-2000'
ПлательщикИНН=7720248304
ПлательщикКПП=772601001
ПлательщикРасчСчет=40702810980900015330
ПлательщикБанк1=АО 'КРЕДИТ ЕВРОПА БАНК'
ПлательщикБИК=044525767
ПлательщикКорсчет=30101810900000000767
ПолучательСчет=40702810700001403824
Получатель=АО 'ТК 'МЕГАПОЛИС'
ПолучательИНН=5003052454
ПолучательКПП=997350001
ПолучательРасчСчет=40702810700001403824
ПолучательБанк1=АО 'РАЙФФАЙЗЕНБАНК'
ПолучательБИК=044525700
ПолучательКорсчет=30101810200000000700
ВидПлатежа=электронно
ВидОплаты=01
Код=
СтатусСоставителя=
ПоказательКБК=
ОКАТО=
ПоказательОснования=
ПоказательПериода=
ПоказательНомера=
ПоказательДаты=
ПоказательТипа=
Очередность=5
НазначениеПлатежа=Оплата по договору № 7770 от 22.09.2016 г. за товар (табачные изделия). В том числе НДС 18.00 % - 9152.54
КонецДокумента
СекцияДокумент=Платежное поручение
Номер=917
Дата=15.12.2017
Сумма=38160.72
ПлательщикСчет=30232810900000007889
Плательщик=ИНН 7705148464 АО 'КРЕДИТ ЕВРОПА БАНК'                      
ПлательщикИНН=7705148464
ПлательщикКПП=775001001
ПлательщикРасчСчет=30232810900000007889
ПлательщикБанк1=АО 'КРЕДИТ ЕВРОПА БАНК'                      
ПлательщикБИК=044525767
ПлательщикКорсчет=30101810900000000767
ПолучательСчет=40702810980900015330
ДатаПоступило=15.12.2017
Получатель=Общество с ограниченной ответственностью 'Торговая Компания Миниторг-2000'
ПолучательИНН=7720248304
ПолучательКПП=772601001
ПолучательРасчСчет=40702810980900015330
ПолучательБанк1=АО 'КРЕДИТ ЕВРОПА БАНК'                      
ПолучательБИК=044525767
ПолучательКорсчет=30101810900000000767
ВидПлатежа=электронно
ВидОплаты=01
Код=
СтатусСоставителя=
ПоказательКБК=
ОКАТО=
ПоказательОснования=
ПоказательПериода=
ПоказательНомера=
ПоказательДаты=
ПоказательТипа=
Очередность=5
НазначениеПлатежа=Расч. по дог # C05230 MINITORG 2000 1 комиссия 651.28 MAST/SD15750.00,CM267.75,CV0.00,VISA/SD20328.00,CM337.05,CV0.00,MIR/SD2734.00,CM46.48,CV0.00
КонецДокумента
СекцияДокумент=Банковский ордер
Номер=15718
Дата=18.12.2017
Сумма=45
ПлательщикСчет=40702810980900015330
ДатаСписано=18.12.2017
Плательщик=ИНН 7720248304 ООО 'ТК Миниторг-2000'
ПлательщикИНН=7720248304
ПлательщикКПП=772601001
ПлательщикРасчСчет=40702810980900015330
ПлательщикБанк1=АО 'КРЕДИТ ЕВРОПА БАНК' г. Москва
ПлательщикБИК=044525767
ПлательщикКорсчет=30101810900000000767
ПолучательСчет=70601810900002740201
Получатель=АО 'КРЕДИТ ЕВРОПА БАНК'
ПолучательИНН=7705148464
ПолучательКПП=775001001
ПолучательРасчСчет=70601810900002740201
ПолучательБанк1=АО 'КРЕДИТ ЕВРОПА БАНК' г. Москва
ПолучательБИК=044525767
ПолучательКорсчет=30101810900000000767
ВидПлатежа=электронно
ВидОплаты=17
Код=
СтатусСоставителя=
ПоказательКБК=
ОКАТО=
ПоказательОснования=
ПоказательПериода=
ПоказательНомера=
ПоказательДаты=
ПоказательТипа=
Очередность=5
НазначениеПлатежа=Комиссия за перевод средств по поручению Клиента на счет, открытый в иной кредитной организации с использованием системы 'Клиент-Банк' / 'Интернет-Банк' 
КонецДокумента
СекцияДокумент=Платежное поручение
Номер=482
Дата=17.12.2017
Сумма=8000
ПлательщикСчет=40702810980900015330
ДатаСписано=18.12.2017
Плательщик=ИНН 7720248304 ООО 'ТК Миниторг-2000'
ПлательщикИНН=7720248304
ПлательщикКПП=772601001
ПлательщикРасчСчет=40702810980900015330
ПлательщикБанк1=АО 'КРЕДИТ ЕВРОПА БАНК'
ПлательщикБИК=044525767
ПлательщикКорсчет=30101810900000000767
ПолучательСчет=40817810771800007018
Получатель=Мамедкеримли Бабек Сакит Оглы
ПолучательИНН=7705148464
ПолучательКПП=
ПолучательРасчСчет=40817810771800007018
ПолучательБанк1=АО 'КРЕДИТ ЕВРОПА БАНК'
ПолучательБИК=044525767
ПолучательКорсчет=30101810900000000767
ВидПлатежа=электронно
ВидОплаты=01
Код=
СтатусСоставителя=
ПоказательКБК=
ОКАТО=
ПоказательОснования=
ПоказательПериода=
ПоказательНомера=
ПоказательДаты=
ПоказательТипа=
Очередность=5
НазначениеПлатежа=Перечисление на карту 5598 1309 3951 2622, ФИО Мамадкеримли Бабек Сакит Оглы, аванс заработной платы за декабрь 2017 г. НДС не облагается
КонецДокумента
СекцияДокумент=Платежное поручение
Номер=481
Дата=17.12.2017
Сумма=13376.04
ПлательщикСчет=40702810980900015330
ДатаСписано=18.12.2017
Плательщик=ИНН 7720248304 ООО 'ТК Миниторг-2000'
ПлательщикИНН=7720248304
ПлательщикКПП=772601001
ПлательщикРасчСчет=40702810980900015330
ПлательщикБанк1=АО 'КРЕДИТ ЕВРОПА БАНК'
ПлательщикБИК=044525767
ПлательщикКорсчет=30101810900000000767
ПолучательСчет=40702810500000183088
Получатель=ПАО 'Мосэнергосбыт'
ПолучательИНН=7736520080
ПолучательКПП=997450001
ПолучательРасчСчет=40702810500000183088
ПолучательБанк1=БАНК ГПБ (АО)
ПолучательБИК=044525823
ПолучательКорсчет=30101810200000000823
ВидПлатежа=электронно
ВидОплаты=01
Код=
СтатусСоставителя=
ПоказательКБК=
ОКАТО=
ПоказательОснования=
ПоказательПериода=
ПоказательНомера=
ПоказательДаты=
ПоказательТипа=
Очередность=5
НазначениеПлатежа=Оплата по Договору № 92405269 от 01.01.2007 г. за электроэнергию. В том числе НДС 18.00 % - 2040.41
КонецДокумента
СекцияДокумент=Платежное поручение
Номер=483
Дата=18.12.2017
Сумма=37812.52
ПлательщикСчет=40702810980900015330
ДатаСписано=18.12.2017
Плательщик=ИНН 7720248304 ООО 'ТК Миниторг-2000'
ПлательщикИНН=7720248304
ПлательщикКПП=772601001
ПлательщикРасчСчет=40702810980900015330
ПлательщикБанк1=АО 'КРЕДИТ ЕВРОПА БАНК'
ПлательщикБИК=044525767
ПлательщикКорсчет=30101810900000000767
ПолучательСчет=40702810900000001371
Получатель=ООО 'Невский берег'
ПолучательИНН=7717533220
ПолучательКПП=502945003
ПолучательРасчСчет=40702810900000001371
ПолучательБанк1=АКБ 'АПАБАНК' (ЗАО)
ПолучательБИК=044525238
ПолучательКорсчет=30101810645250000238
ВидПлатежа=электронно
ВидОплаты=01
Код=
СтатусСоставителя=
ПоказательКБК=
ОКАТО=
ПоказательОснования=
ПоказательПериода=
ПоказательНомера=
ПоказательДаты=
ПоказательТипа=
Очередность=5
НазначениеПлатежа=Оплата по накладной № 838/5 от 12.10.2017 г. за товар (алкогольная продукция). В том числе НДС 18.00 % - 5768.01.
КонецДокумента
СекцияДокумент=Платежное поручение
Номер=484
Дата=18.12.2017
Сумма=40691.88
ПлательщикСчет=40702810980900015330
ДатаСписано=18.12.2017
Плательщик=ИНН 7720248304 ООО 'ТК Миниторг-2000'
ПлательщикИНН=7720248304
ПлательщикКПП=772601001
ПлательщикРасчСчет=40702810980900015330
ПлательщикБанк1=АО 'КРЕДИТ ЕВРОПА БАНК'
ПлательщикБИК=044525767
ПлательщикКорсчет=30101810900000000767
ПолучательСчет=40702810933000003567
Получатель=ООО 'ГК Кристалл-Лефортово'
ПолучательИНН=5003089091
ПолучательКПП=500301001
ПолучательРасчСчет=40702810933000003567
ПолучательБанк1=КУРСКОЕ ОТДЕЛЕНИЕ N8596 ПАО СБЕРБАНК
ПолучательБИК=043807606
ПолучательКорсчет=30101810300000000606
ВидПлатежа=электронно
ВидОплаты=01
Код=
СтатусСоставителя=
ПоказательКБК=
ОКАТО=
ПоказательОснования=
ПоказательПериода=
ПоказательНомера=
ПоказательДаты=
ПоказательТипа=
Очередность=5
НазначениеПлатежа=Оплата по накладной № 440 от 09.11.2017 г. за товар (алкогольная продукция). В том числе НДС 18.00 % - 6207.24.
КонецДокумента
СекцияДокумент=Платежное поручение
Номер=1011
Дата=18.12.2017
Сумма=126604.58
ПлательщикСчет=30232810900000007889
Плательщик=ИНН 7705148464 АО 'КРЕДИТ ЕВРОПА БАНК'                      
ПлательщикИНН=7705148464
ПлательщикКПП=775001001
ПлательщикРасчСчет=30232810900000007889
ПлательщикБанк1=АО 'КРЕДИТ ЕВРОПА БАНК'                      
ПлательщикБИК=044525767
ПлательщикКорсчет=30101810900000000767
ПолучательСчет=40702810980900015330
ДатаПоступило=18.12.2017
Получатель=Общество с ограниченной ответственностью 'Торговая Компания Миниторг-2000'
ПолучательИНН=7720248304
ПолучательКПП=772601001
ПолучательРасчСчет=40702810980900015330
ПолучательБанк1=АО 'КРЕДИТ ЕВРОПА БАНК'                      
ПолучательБИК=044525767
ПолучательКорсчет=30101810900000000767
ВидПлатежа=электронно
ВидОплаты=01
Код=
СтатусСоставителя=
ПоказательКБК=
ОКАТО=
ПоказательОснования=
ПоказательПериода=
ПоказательНомера=
ПоказательДаты=
ПоказательТипа=
Очередность=5
НазначениеПлатежа=Расч. по дог # C05230 MINITORG 2000 1 комиссия 2188.50 MAST/SD55711.08,CM947.10,CV0.00,VISA/SD63719.00,CM1082.22,CV0.00,MIR/SD9363.00,CM159.18,CV0.00
КонецДокумента
СекцияДокумент=Банковский ордер
Номер=57857
Дата=19.12.2017
Сумма=15
ПлательщикСчет=40702810980900015330
ДатаСписано=19.12.2017
Плательщик=ИНН 7720248304 ООО 'ТК Миниторг-2000'
ПлательщикИНН=7720248304
ПлательщикКПП=772601001
ПлательщикРасчСчет=40702810980900015330
ПлательщикБанк1=АО 'КРЕДИТ ЕВРОПА БАНК' г. Москва
ПлательщикБИК=044525767
ПлательщикКорсчет=30101810900000000767
ПолучательСчет=70601810900002740201
Получатель=АО 'КРЕДИТ ЕВРОПА БАНК'
ПолучательИНН=7705148464
ПолучательКПП=775001001
ПолучательРасчСчет=70601810900002740201
ПолучательБанк1=АО 'КРЕДИТ ЕВРОПА БАНК' г. Москва
ПолучательБИК=044525767
ПолучательКорсчет=30101810900000000767
ВидПлатежа=электронно
ВидОплаты=17
Код=
СтатусСоставителя=
ПоказательКБК=
ОКАТО=
ПоказательОснования=
ПоказательПериода=
ПоказательНомера=
ПоказательДаты=
ПоказательТипа=
Очередность=5
НазначениеПлатежа=Комиссия за перевод средств по поручению Клиента на счет, открытый в иной кредитной организации с использованием системы 'Клиент-Банк' / 'Интернет-Банк' 
КонецДокумента
СекцияДокумент=Платежное поручение
Номер=485
Дата=18.12.2017
Сумма=31846.07
ПлательщикСчет=40702810980900015330
ДатаСписано=19.12.2017
Плательщик=ИНН 7720248304 ООО 'ТК Миниторг-2000'
ПлательщикИНН=7720248304
ПлательщикКПП=772601001
ПлательщикРасчСчет=40702810980900015330
ПлательщикБанк1=АО 'КРЕДИТ ЕВРОПА БАНК'
ПлательщикБИК=044525767
ПлательщикКорсчет=30101810900000000767
ПолучательСчет=40702810338000079674
Получатель=ООО 'ВОСТОК'
ПолучательИНН=7725269499
ПолучательКПП=772501001
ПолучательРасчСчет=40702810338000079674
ПолучательБанк1=ПАО СБЕРБАНК
ПолучательБИК=044525225
ПолучательКорсчет=30101810400000000225
ВидПлатежа=электронно
ВидОплаты=01
Код=
СтатусСоставителя=
ПоказательКБК=
ОКАТО=
ПоказательОснования=
ПоказательПериода=
ПоказательНомера=
ПоказательДаты=
ПоказательТипа=
Очередность=5
НазначениеПлатежа=Оплата по накладной № 27341 от 17.10.2017 г. за товар(чай,кофе). В том числе НДС 18.00 % - 4857.88.
КонецДокумента
СекцияДокумент=Платежное поручение
Номер=896
Дата=19.12.2017
Сумма=37951.47
ПлательщикСчет=30232810900000007889
Плательщик=ИНН 7705148464 АО 'КРЕДИТ ЕВРОПА БАНК'                      
ПлательщикИНН=7705148464
ПлательщикКПП=775001001
ПлательщикРасчСчет=30232810900000007889
ПлательщикБанк1=АО 'КРЕДИТ ЕВРОПА БАНК'                      
ПлательщикБИК=044525767
ПлательщикКорсчет=30101810900000000767
ПолучательСчет=40702810980900015330
ДатаПоступило=19.12.2017
Получатель=Общество с ограниченной ответственностью 'Торговая Компания Миниторг-2000'
ПолучательИНН=7720248304
ПолучательКПП=772601001
ПолучательРасчСчет=40702810980900015330
ПолучательБанк1=АО 'КРЕДИТ ЕВРОПА БАНК'                      
ПолучательБИК=044525767
ПолучательКорсчет=30101810900000000767
ВидПлатежа=электронно
ВидОплаты=01
Код=
СтатусСоставителя=
ПоказательКБК=
ОКАТО=
ПоказательОснования=
ПоказательПериода=
ПоказательНомера=
ПоказательДаты=
ПоказательТипа=
Очередность=5
НазначениеПлатежа=Расч. по дог # C05230 MINITORG 2000 1 комиссия 653.37 MAST/SD13681.00,CM229.66,CV0.00,VISA/SD19861.84,CM337.65,CV0.00,MIR/SD5062.00,CM86.06,CV0.00
КонецДокумента
СекцияДокумент=Платежное поручение
Номер=904
Дата=20.12.2017
Сумма=31464.59
ПлательщикСчет=30232810900000007889
Плательщик=ИНН 7705148464 АО 'КРЕДИТ ЕВРОПА БАНК'                      
ПлательщикИНН=7705148464
ПлательщикКПП=775001001
ПлательщикРасчСчет=30232810900000007889
ПлательщикБанк1=АО 'КРЕДИТ ЕВРОПА БАНК'                      
ПлательщикБИК=044525767
ПлательщикКорсчет=30101810900000000767
ПолучательСчет=40702810980900015330
ДатаПоступило=20.12.2017
Получатель=Общество с ограниченной ответственностью 'Торговая Компания Миниторг-2000'
ПолучательИНН=7720248304
ПолучательКПП=772601001
ПолучательРасчСчет=40702810980900015330
ПолучательБанк1=АО 'КРЕДИТ ЕВРОПА БАНК'                      
ПолучательБИК=044525767
ПолучательКорсчет=30101810900000000767
ВидПлатежа=электронно
ВидОплаты=01
Код=
СтатусСоставителя=
ПоказательКБК=
ОКАТО=
ПоказательОснования=
ПоказательПериода=
ПоказательНомера=
ПоказательДаты=
ПоказательТипа=
Очередность=5
НазначениеПлатежа=Расч. по дог # C05230 MINITORG 2000 1 комиссия 544.16 MAST/SD12355.75,CM210.05,CV0.00,VISA/SD14339.00,CM243.77,CV0.00,MIR/SD5314.00,CM90.34,CV0.00
КонецДокумента
СекцияДокумент=Банковский ордер
Номер=29226
Дата=21.12.2017
Сумма=60
ПлательщикСчет=40702810980900015330
ДатаСписано=21.12.2017
Плательщик=ИНН 7720248304 ООО 'ТК Миниторг-2000'
ПлательщикИНН=7720248304
ПлательщикКПП=772601001
ПлательщикРасчСчет=40702810980900015330
ПлательщикБанк1=АО 'КРЕДИТ ЕВРОПА БАНК' г. Москва
ПлательщикБИК=044525767
ПлательщикКорсчет=30101810900000000767
ПолучательСчет=70601810900002740201
Получатель=АО 'КРЕДИТ ЕВРОПА БАНК'
ПолучательИНН=7705148464
ПолучательКПП=775001001
ПолучательРасчСчет=70601810900002740201
ПолучательБанк1=АО 'КРЕДИТ ЕВРОПА БАНК' г. Москва
ПолучательБИК=044525767
ПолучательКорсчет=30101810900000000767
ВидПлатежа=электронно
ВидОплаты=17
Код=
СтатусСоставителя=
ПоказательКБК=
ОКАТО=
ПоказательОснования=
ПоказательПериода=
ПоказательНомера=
ПоказательДаты=
ПоказательТипа=
Очередность=5
НазначениеПлатежа=Комиссия за перевод средств по поручению Клиента на счет, открытый в иной кредитной организации с использованием системы 'Клиент-Банк' / 'Интернет-Банк' 
КонецДокумента
СекцияДокумент=Платежное поручение
Номер=488
Дата=21.12.2017
Сумма=1259.76
ПлательщикСчет=40702810980900015330
ДатаСписано=21.12.2017
Плательщик=ИНН 7720248304 ООО 'ТК Миниторг-2000'
ПлательщикИНН=7720248304
ПлательщикКПП=772601001
ПлательщикРасчСчет=40702810980900015330
ПлательщикБанк1=АО 'КРЕДИТ ЕВРОПА БАНК'
ПлательщикБИК=044525767
ПлательщикКорсчет=30101810900000000767
ПолучательСчет=40702810102200007780
Получатель=ООО 'ЦентрАлко'
ПолучательИНН=9723009121
ПолучательКПП=772345001
ПолучательРасчСчет=40702810102200007780
ПолучательБанк1=АО 'АЛЬФА-БАНК'
ПолучательБИК=044525593
ПолучательКорсчет=30101810200000000593
ВидПлатежа=электронно
ВидОплаты=01
Код=
СтатусСоставителя=
ПоказательКБК=
ОКАТО=
ПоказательОснования=
ПоказательПериода=
ПоказательНомера=
ПоказательДаты=
ПоказательТипа=
Очередность=5
НазначениеПлатежа=Оплата по накладной № 4139 от 04.11.2017 г. за товар (алкогольная продукция). В том числе НДС 18.00 % - 192.17
КонецДокумента
СекцияДокумент=Платежное поручение
Номер=487
Дата=21.12.2017
Сумма=3188.64
ПлательщикСчет=40702810980900015330
ДатаСписано=21.12.2017
Плательщик=ИНН 7720248304 ООО 'ТК Миниторг-2000'
ПлательщикИНН=7720248304
ПлательщикКПП=772601001
ПлательщикРасчСчет=40702810980900015330
ПлательщикБанк1=АО 'КРЕДИТ ЕВРОПА БАНК'
ПлательщикБИК=044525767
ПлательщикКорсчет=30101810900000000767
ПолучательСчет=40702810102200007780
Получатель=ООО 'ЦентрАлко'
ПолучательИНН=9723009121
ПолучательКПП=772345001
ПолучательРасчСчет=40702810102200007780
ПолучательБанк1=АО 'АЛЬФА-БАНК'
ПолучательБИК=044525593
ПолучательКорсчет=30101810200000000593
ВидПлатежа=электронно
ВидОплаты=01
Код=
СтатусСоставителя=
ПоказательКБК=
ОКАТО=
ПоказательОснования=
ПоказательПериода=
ПоказательНомера=
ПоказательДаты=
ПоказательТипа=
Очередность=5
НазначениеПлатежа=Оплата по накладной № 4138 от 04.11.2017 г. за товар (алкогольная продукция). В том числе НДС 18.00 % - 486.40
КонецДокумента
СекцияДокумент=Платежное поручение
Номер=489
Дата=21.12.2017
Сумма=20629.09
ПлательщикСчет=40702810980900015330
ДатаСписано=21.12.2017
Плательщик=ИНН 7720248304 ООО 'ТК Миниторг-2000'
ПлательщикИНН=7720248304
ПлательщикКПП=772601001
ПлательщикРасчСчет=40702810980900015330
ПлательщикБанк1=АО 'КРЕДИТ ЕВРОПА БАНК'
ПлательщикБИК=044525767
ПлательщикКорсчет=30101810900000000767
ПолучательСчет=40702810900000001371
Получатель=ООО 'Невский берег'
ПолучательИНН=7717533220
ПолучательКПП=502945003
ПолучательРасчСчет=40702810900000001371
ПолучательБанк1=АКБ 'АПАБАНК' (ЗАО)
ПолучательБИК=044525238
ПолучательКорсчет=30101810645250000238
ВидПлатежа=электронно
ВидОплаты=01
Код=
СтатусСоставителя=
ПоказательКБК=
ОКАТО=
ПоказательОснования=
ПоказательПериода=
ПоказательНомера=
ПоказательДаты=
ПоказательТипа=
Очередность=5
НазначениеПлатежа=Оплата по накладной № 0560 от 08.11.2017 г. за товар (алкогольная продукция). В том числе НДС 18.00 % - 3146.81
КонецДокумента
СекцияДокумент=Платежное поручение
Номер=486
Дата=21.12.2017
Сумма=52296.66
ПлательщикСчет=40702810980900015330
ДатаСписано=21.12.2017
Плательщик=ИНН 7720248304 ООО 'ТК Миниторг-2000'
ПлательщикИНН=7720248304
ПлательщикКПП=772601001
ПлательщикРасчСчет=40702810980900015330
ПлательщикБанк1=АО 'КРЕДИТ ЕВРОПА БАНК'
ПлательщикБИК=044525767
ПлательщикКорсчет=30101810900000000767
ПолучательСчет=40702810102200007780
Получатель=ООО 'ЦентрАлко'
ПолучательИНН=9723009121
ПолучательКПП=772345001
ПолучательРасчСчет=40702810102200007780
ПолучательБанк1=АО 'АЛЬФА-БАНК'
ПолучательБИК=044525593
ПолучательКорсчет=30101810200000000593
ВидПлатежа=электронно
ВидОплаты=01
Код=
СтатусСоставителя=
ПоказательКБК=
ОКАТО=
ПоказательОснования=
ПоказательПериода=
ПоказательНомера=
ПоказательДаты=
ПоказательТипа=
Очередность=5
НазначениеПлатежа=Оплата по накладной № 4137 от 04.11.2017 г. за товар (алкогольная продукция). В том числе НДС 18.00 % - 7977.46
КонецДокумента
СекцияДокумент=Платежное поручение
Номер=901
Дата=21.12.2017
Сумма=35853.11
ПлательщикСчет=30232810900000007889
Плательщик=ИНН 7705148464 АО 'КРЕДИТ ЕВРОПА БАНК'                      
ПлательщикИНН=7705148464
ПлательщикКПП=775001001
ПлательщикРасчСчет=30232810900000007889
ПлательщикБанк1=АО 'КРЕДИТ ЕВРОПА БАНК'                      
ПлательщикБИК=044525767
ПлательщикКорсчет=30101810900000000767
ПолучательСчет=40702810980900015330
ДатаПоступило=21.12.2017
Получатель=Общество с ограниченной ответственностью 'Торговая Компания Миниторг-2000'
ПолучательИНН=7720248304
ПолучательКПП=772601001
ПолучательРасчСчет=40702810980900015330
ПолучательБанк1=АО 'КРЕДИТ ЕВРОПА БАНК'                      
ПолучательБИК=044525767
ПолучательКорсчет=30101810900000000767
ВидПлатежа=электронно
ВидОплаты=01
Код=
СтатусСоставителя=
ПоказательКБК=
ОКАТО=
ПоказательОснования=
ПоказательПериода=
ПоказательНомера=
ПоказательДаты=
ПоказательТипа=
Очередность=5
НазначениеПлатежа=Расч. по дог # C05230 MINITORG 2000 1 комиссия 618.23 MAST/SD9721.60,CM163.49,CV0.00,VISA/SD24184.74,CM411.14,CV0.00,MIR/SD2565.00,CM43.60,CV0.00
КонецДокумента
СекцияДокумент=Банковский ордер
Номер=10887
Дата=22.12.2017
Сумма=15
ПлательщикСчет=40702810980900015330
ДатаСписано=22.12.2017
Плательщик=ИНН 7720248304 ООО 'ТК Миниторг-2000'
ПлательщикИНН=7720248304
ПлательщикКПП=772601001
ПлательщикРасчСчет=40702810980900015330
ПлательщикБанк1=АО 'КРЕДИТ ЕВРОПА БАНК' г. Москва
ПлательщикБИК=044525767
ПлательщикКорсчет=30101810900000000767
ПолучательСчет=70601810900002740201
Получатель=АО 'КРЕДИТ ЕВРОПА БАНК'
ПолучательИНН=7705148464
ПолучательКПП=775001001
ПолучательРасчСчет=70601810900002740201
ПолучательБанк1=АО 'КРЕДИТ ЕВРОПА БАНК' г. Москва
ПолучательБИК=044525767
ПолучательКорсчет=30101810900000000767
ВидПлатежа=электронно
ВидОплаты=17
Код=
СтатусСоставителя=
ПоказательКБК=
ОКАТО=
ПоказательОснования=
ПоказательПериода=
ПоказательНомера=
ПоказательДаты=
ПоказательТипа=
Очередность=5
НазначениеПлатежа=Комиссия за перевод средств по поручению Клиента на счет, открытый в иной кредитной организации с использованием системы 'Клиент-Банк' / 'Интернет-Банк' 
КонецДокумента
СекцияДокумент=Платежное поручение
Номер=490
Дата=21.12.2017
Сумма=43080
ПлательщикСчет=40702810980900015330
ДатаСписано=22.12.2017
Плательщик=ИНН 7720248304 ООО 'ТК Миниторг-2000'
ПлательщикИНН=7720248304
ПлательщикКПП=772601001
ПлательщикРасчСчет=40702810980900015330
ПлательщикБанк1=АО 'КРЕДИТ ЕВРОПА БАНК'
ПлательщикБИК=044525767
ПлательщикКорсчет=30101810900000000767
ПолучательСчет=40702810188000004290
Получатель=ООО 'ЛУДИНГ'
ПолучательИНН=7730107662
ПолучательКПП=772945001
ПолучательРасчСчет=40702810188000004290
ПолучательБанк1=АКБ 'ФОРА-БАНК' (АО)
ПолучательБИК=044525341
ПолучательКорсчет=30101810300000000341
ВидПлатежа=электронно
ВидОплаты=01
Код=
СтатусСоставителя=
ПоказательКБК=
ОКАТО=
ПоказательОснования=
ПоказательПериода=
ПоказательНомера=
ПоказательДаты=
ПоказательТипа=
Очередность=5
НазначениеПлатежа=Оплата по накладной № 112816 от 18.11.2017 г. за товар (алкогольная продукция). В том числе НДС 18.00 % - 6571.53
КонецДокумента
СекцияДокумент=Платежное поручение
Номер=924
Дата=22.12.2017
Сумма=34843.98
ПлательщикСчет=30232810900000007889
Плательщик=ИНН 7705148464 АО 'КРЕДИТ ЕВРОПА БАНК'                      
ПлательщикИНН=7705148464
ПлательщикКПП=775001001
ПлательщикРасчСчет=30232810900000007889
ПлательщикБанк1=АО 'КРЕДИТ ЕВРОПА БАНК'                      
ПлательщикБИК=044525767
ПлательщикКорсчет=30101810900000000767
ПолучательСчет=40702810980900015330
ДатаПоступило=22.12.2017
Получатель=Общество с ограниченной ответственностью 'Торговая Компания Миниторг-2000'
ПолучательИНН=7720248304
ПолучательКПП=772601001
ПолучательРасчСчет=40702810980900015330
ПолучательБанк1=АО 'КРЕДИТ ЕВРОПА БАНК'                      
ПолучательБИК=044525767
ПолучательКорсчет=30101810900000000767
ВидПлатежа=электронно
ВидОплаты=01
Код=
СтатусСоставителя=
ПоказательКБК=
ОКАТО=
ПоказательОснования=
ПоказательПериода=
ПоказательНомера=
ПоказательДаты=
ПоказательТипа=
Очередность=5
НазначениеПлатежа=Расч. по дог # C05230 MINITORG 2000 1 комиссия 602.59 MAST/SD13636.63,CM231.82,CV0.00,VISA/SD20332.94,CM345.66,CV0.00,MIR/SD1477.00,CM25.11,CV0.00
КонецДокумента
СекцияДокумент=Платежное поручение
Номер=1009
Дата=25.12.2017
Сумма=118843.6
ПлательщикСчет=30232810900000007889
Плательщик=ИНН 7705148464 АО 'КРЕДИТ ЕВРОПА БАНК'                      
ПлательщикИНН=7705148464
ПлательщикКПП=775001001
ПлательщикРасчСчет=30232810900000007889
ПлательщикБанк1=АО 'КРЕДИТ ЕВРОПА БАНК'                      
ПлательщикБИК=044525767
ПлательщикКорсчет=30101810900000000767
ПолучательСчет=40702810980900015330
ДатаПоступило=25.12.2017
Получатель=Общество с ограниченной ответственностью 'Торговая Компания Миниторг-2000'
ПолучательИНН=7720248304
ПолучательКПП=772601001
ПолучательРасчСчет=40702810980900015330
ПолучательБанк1=АО 'КРЕДИТ ЕВРОПА БАНК'                      
ПолучательБИК=044525767
ПолучательКорсчет=30101810900000000767
ВидПлатежа=электронно
ВидОплаты=01
Код=
СтатусСоставителя=
ПоказательКБК=
ОКАТО=
ПоказательОснования=
ПоказательПериода=
ПоказательНомера=
ПоказательДаты=
ПоказательТипа=
Очередность=5
НазначениеПлатежа=Расч. по дог # C05230 MINITORG 2000 1 комиссия 2054.31 MAST/SD51719.65,CM879.23,CV0.00,VISA/SD59481.44,CM1010.24,CV0.00,MIR/SD9696.82,CM164.84,CV0.00
КонецДокумента
СекцияДокумент=Платежное поручение
Номер=923
Дата=26.12.2017
Сумма=36327.74
ПлательщикСчет=30232810900000007889
Плательщик=ИНН 7705148464 АО 'КРЕДИТ ЕВРОПА БАНК'                      
ПлательщикИНН=7705148464
ПлательщикКПП=775001001
ПлательщикРасчСчет=30232810900000007889
ПлательщикБанк1=АО 'КРЕДИТ ЕВРОПА БАНК'                      
ПлательщикБИК=044525767
ПлательщикКорсчет=30101810900000000767
ПолучательСчет=40702810980900015330
ДатаПоступило=26.12.2017
Получатель=Общество с ограниченной ответственностью 'Торговая Компания Миниторг-2000'
ПолучательИНН=7720248304
ПолучательКПП=772601001
ПолучательРасчСчет=40702810980900015330
ПолучательБанк1=АО 'КРЕДИТ ЕВРОПА БАНК'                      
ПолучательБИК=044525767
ПолучательКорсчет=30101810900000000767
ВидПлатежа=электронно
ВидОплаты=01
Код=
СтатусСоставителя=
ПоказательКБК=
ОКАТО=
ПоказательОснования=
ПоказательПериода=
ПоказательНомера=
ПоказательДаты=
ПоказательТипа=
Очередность=5
НазначениеПлатежа=Расч. по дог # C05230 MINITORG 2000 1 комиссия 626.66 MAST/SD16066.76,CM273.13,CV0.00,VISA/SD18589.64,CM314.46,CV0.00,MIR/SD2298.00,CM39.07,CV0.00
КонецДокумента
СекцияДокумент=Платежное поручение
Номер=492
Дата=27.12.2017
Сумма=4942.2
ПлательщикСчет=40702810980900015330
ДатаСписано=27.12.2017
Плательщик=ИНН 7720248304 ООО 'ТК Миниторг-2000'
ПлательщикИНН=7720248304
ПлательщикКПП=772601001
ПлательщикРасчСчет=40702810980900015330
ПлательщикБанк1=АО 'КРЕДИТ ЕВРОПА БАНК'
ПлательщикБИК=044525767
ПлательщикКорсчет=30101810900000000767
ПолучательСчет=40702810900000022736
Получатель=ООО 'ЛК Дистрибуция'
ПолучательИНН=5009097860
ПолучательКПП=500901001
ПолучательРасчСчет=40702810900000022736
ПолучательБанк1=ПАО БАНК ЗЕНИТ
ПолучательБИК=044525272
ПолучательКорсчет=30101810000000000272
ВидПлатежа=электронно
ВидОплаты=01
Код=
СтатусСоставителя=
ПоказательКБК=
ОКАТО=
ПоказательОснования=
ПоказательПериода=
ПоказательНомера=
ПоказательДаты=
ПоказательТипа=
Очередность=5
НазначениеПлатежа=Оплата по накладной № 22799 от 15.11.2016 г. за товар (алкогольная продукция). В том числе НДС 18.00 % - 753.89
КонецДокумента
СекцияДокумент=Платежное поручение
Номер=493
Дата=27.12.2017
Сумма=12617.2
ПлательщикСчет=40702810980900015330
ДатаСписано=27.12.2017
Плательщик=ИНН 7720248304 ООО 'ТК Миниторг-2000'
ПлательщикИНН=7720248304
ПлательщикКПП=772601001
ПлательщикРасчСчет=40702810980900015330
ПлательщикБанк1=АО 'КРЕДИТ ЕВРОПА БАНК'
ПлательщикБИК=044525767
ПлательщикКорсчет=30101810900000000767
ПолучательСчет=40702810900000022736
Получатель=ООО 'ЛК Дистрибуция'
ПолучательИНН=5009097860
ПолучательКПП=500901001
ПолучательРасчСчет=40702810900000022736
ПолучательБанк1=ПАО БАНК ЗЕНИТ
ПолучательБИК=044525272
ПолучательКорсчет=30101810000000000272
ВидПлатежа=электронно
ВидОплаты=01
Код=
СтатусСоставителя=
ПоказательКБК=
ОКАТО=
ПоказательОснования=
ПоказательПериода=
ПоказательНомера=
ПоказательДаты=
ПоказательТипа=
Очередность=5
НазначениеПлатежа=Оплата по накладной № 22797 от 15.11.2016 г. за товар (алкогольная продукция). В том числе НДС 18.00 % - 1924.66
КонецДокумента
СекцияДокумент=Платежное поручение
Номер=494
Дата=27.12.2017
Сумма=19655.53
ПлательщикСчет=40702810980900015330
ДатаСписано=27.12.2017
Плательщик=ИНН 7720248304 ООО 'ТК Миниторг-2000'
ПлательщикИНН=7720248304
ПлательщикКПП=772601001
ПлательщикРасчСчет=40702810980900015330
ПлательщикБанк1=АО 'КРЕДИТ ЕВРОПА БАНК'
ПлательщикБИК=044525767
ПлательщикКорсчет=30101810900000000767
ПолучательСчет=40702810364010140270
Получатель=ООО 'КДВ Групп'
ПолучательИНН=7017094419
ПолучательКПП=701750001
ПолучательРасчСчет=40702810364010140270
ПолучательБанк1=ТОМСКОЕ ОТДЕЛЕНИЕ N8616 ПАО СБЕРБАНК
ПолучательБИК=046902606
ПолучательКорсчет=30101810800000000606
ВидПлатежа=электронно
ВидОплаты=01
Код=
СтатусСоставителя=
ПоказательКБК=
ОКАТО=
ПоказательОснования=
ПоказательПериода=
ПоказательНомера=
ПоказательДаты=
ПоказательТипа=
Очередность=5
НазначениеПлатежа=Оплата по накладной № 360318 от 02.12.2017 г. за товар (кондитерские изделия). В том числе НДС 18.00 % - 2998.30
КонецДокумента
СекцияДокумент=Платежное поручение
Номер=495
Дата=27.12.2017
Сумма=50000
ПлательщикСчет=40702810980900015330
ДатаСписано=27.12.2017
Плательщик=ИНН 7720248304 ООО 'ТК Миниторг-2000'
ПлательщикИНН=7720248304
ПлательщикКПП=772601001
ПлательщикРасчСчет=40702810980900015330
ПлательщикБанк1=АО 'КРЕДИТ ЕВРОПА БАНК'
ПлательщикБИК=044525767
ПлательщикКорсчет=30101810900000000767
ПолучательСчет=40702810700001403824
Получатель=АО 'ТК 'МЕГАПОЛИС'
ПолучательИНН=5003052454
ПолучательКПП=997350001
ПолучательРасчСчет=40702810700001403824
ПолучательБанк1=АО 'РАЙФФАЙЗЕНБАНК'
ПолучательБИК=044525700
ПолучательКорсчет=30101810200000000700
ВидПлатежа=электронно
ВидОплаты=01
Код=
СтатусСоставителя=
ПоказательКБК=
ОКАТО=
ПоказательОснования=
ПоказательПериода=
ПоказательНомера=
ПоказательДаты=
ПоказательТипа=
Очередность=5
НазначениеПлатежа=Оплата по договору № 7770 от 22.09.2016 г. за товар (табачные изделия). В том числе НДС 18.00 % - 7627.12
КонецДокумента
СекцияДокумент=Платежное поручение
Номер=467
Дата=27.12.2017
Сумма=53762.21
ПлательщикСчет=40702810980900015330
ДатаСписано=27.12.2017
Плательщик=ИНН 7720248304 ООО 'ТК Миниторг-2000'
ПлательщикИНН=7720248304
ПлательщикКПП=772601001
ПлательщикРасчСчет=40702810980900015330
ПлательщикБанк1=АО 'КРЕДИТ ЕВРОПА БАНК'
ПлательщикБИК=044525767
ПлательщикКорсчет=30101810900000000767
ПолучательСчет=40702810001700002561
Получатель=ООО 'Бест М'
ПолучательИНН=7714918180
ПолучательКПП=772001001
ПолучательРасчСчет=40702810001700002561
ПолучательБанк1=ПАО БАНК 'ФК ОТКРЫТИЕ'
ПолучательБИК=044525985
ПолучательКорсчет=30101810300000000985
ВидПлатежа=электронно
ВидОплаты=01
Код=
СтатусСоставителя=
ПоказательКБК=
ОКАТО=
ПоказательОснования=
ПоказательПериода=
ПоказательНомера=
ПоказательДаты=
ПоказательТипа=
Очередность=5
НазначениеПлатежа=Оплата по накладной № 41984 от 27.10.2017 г. за товар(алкогольная продукция). В том числе НДС 18.00 % - 8201.02
КонецДокумента
СекцияДокумент=Платежное поручение
Номер=491
Дата=27.12.2017
Сумма=55460.59
ПлательщикСчет=40702810980900015330
ДатаСписано=27.12.2017
Плательщик=ИНН 7720248304 ООО 'ТК Миниторг-2000'
ПлательщикИНН=7720248304
ПлательщикКПП=772601001
ПлательщикРасчСчет=40702810980900015330
ПлательщикБанк1=АО 'КРЕДИТ ЕВРОПА БАНК'
ПлательщикБИК=044525767
ПлательщикКорсчет=30101810900000000767
ПолучательСчет=40702810902800002660
Получатель=ООО 'ТДК'
ПолучательИНН=7726754586
ПолучательКПП=772601001
ПолучательРасчСчет=40702810902800002660
ПолучательБанк1=АО 'АЛЬФА-БАНК'
ПолучательБИК=044525593
ПолучательКорсчет=30101810200000000593
ВидПлатежа=электронно
ВидОплаты=01
Код=
СтатусСоставителя=
ПоказательКБК=
ОКАТО=
ПоказательОснования=
ПоказательПериода=
ПоказательНомера=
ПоказательДаты=
ПоказательТипа=
Очередность=5
НазначениеПлатежа=Оплата по накладной № 22264 от 29.11.2017 г. за товар (бытовая химия). В том числе НДС 18.00 % - 8460.09
КонецДокумента
СекцияДокумент=Платежное поручение
Номер=931
Дата=27.12.2017
Сумма=27576.4
ПлательщикСчет=30232810900000007889
Плательщик=ИНН 7705148464 АО 'КРЕДИТ ЕВРОПА БАНК'                      
ПлательщикИНН=7705148464
ПлательщикКПП=775001001
ПлательщикРасчСчет=30232810900000007889
ПлательщикБанк1=АО 'КРЕДИТ ЕВРОПА БАНК'                      
ПлательщикБИК=044525767
ПлательщикКорсчет=30101810900000000767
ПолучательСчет=40702810980900015330
ДатаПоступило=27.12.2017
Получатель=Общество с ограниченной ответственностью 'Торговая Компания Миниторг-2000'
ПолучательИНН=7720248304
ПолучательКПП=772601001
ПолучательРасчСчет=40702810980900015330
ПолучательБанк1=АО 'КРЕДИТ ЕВРОПА БАНК'                      
ПолучательБИК=044525767
ПолучательКорсчет=30101810900000000767
ВидПлатежа=электронно
ВидОплаты=01
Код=
СтатусСоставителя=
ПоказательКБК=
ОКАТО=
ПоказательОснования=
ПоказательПериода=
ПоказательНомера=
ПоказательДаты=
ПоказательТипа=
Очередность=5
НазначениеПлатежа=Расч. по дог # C05230 MINITORG 2000 1 комиссия 476.59 MAST/SD14027.99,CM238.15,CV0.00,VISA/SD11992.00,CM203.87,CV0.00,MIR/SD2033.00,CM34.57,CV0.00
КонецДокумента
КонецФайла